[{"pk": 1, "model": "actors.movie", "fields": {"code": "20136068", "title": "히말라야", "sales": "60167346515", "audience": "7758586", "open_date": "2015-12-16", "actors": [1, 2, 3, 4, 5, 6, 7, 8, 9, 10, 11, 12, 13, 14, 15, 16, 17, 18, 19, 20], "genres": [1], "score": "7.98", "summary": "해발 8,750 미터 히말라야 에베레스트 데스존 인간의 접근을 허락하지 않은 신의 영역  그곳에 우리 동료가 묻혀있다.  산 아래 하나였고, 또 다른 가족이었던 사람들 생을 마감한 후배 대원의 시신을 찾기 위해 기록도, 명예도, 보상도 없는 가슴 뜨거운 여정을 시작한다.   그 누구도 시도하지 않았던 위대한 도전 엄홍길 대장과 휴먼원정대의 감동 실화가 공개된다!", "poster_URL": "https://movie-phinf.pstatic.net/20151119_280/1447895561914GiahL_JPEG/movie_image.jpg"}}, {"pk": 2, "model": "actors.movie", "fields": {"code": "20150025", "title": "내부자들: 디 오리지널", "sales": "16965844775", "audience": "2082913", "open_date": "2015-12-31", "actors": [21, 22, 23, 24, 25, 26, 27, 28, 29, 30, 31, 32, 33, 34, 35, 36, 37, 38, 39], "genres": [2, 1], "score": "9.04", "summary": "“끌어만 주시면 짖지 않고 예쁘게 따라갑니다” 복수를 계획하는 정치깡패의 과거_ 안상구  “덮으라고요? 왜, 장필우가 들어오랍디까?” 성공을 거래하는 열혈검사의 반격 _ 우장훈  “너도 성공하고 싶으니까 나한테 온 거 아냐?” 정치판을 설계하는 논설위원의 야망_ 이강희  조폭 검찰 언론 정치 재벌 내부자들의 숨겨진 이야기가 공개된다!", "poster_URL": "https://movie-phinf.pstatic.net/20151231_70/14515598150769qgj2_JPEG/movie_image.jpg"}}, {"pk": 4, "model": "actors.movie", "fields": {"code": "20144442", "title": "조선마술사", "sales": "4641506027", "audience": "627379", "open_date": "2015-12-30", "actors": [58, 59, 60, 61, 25, 62, 63, 18, 64, 65, 66, 67, 68, 69, 70, 71, 72], "genres": [1], "score": "6.59", "summary": "평안도 최대 유곽 물랑루의 자랑이자 의주의 보배인 조선 최고의 마술사 환희. 하지만 어린 시절, 청나라 마술사 귀몰에게서 학대 받았던 기억으로 늘 난봉꾼처럼 삐뚤어져있다. 그런 그를 이해하는 것은 귀몰의 손에서 함께 도망친 의누이 보음 뿐. 한편, 청명은 사행단의 호위무사 안동휘와 함께 청나라의 11번째 왕자빈으로 혼례를 치르러 가던 중 의주에 머물게 되고, 우연히 마주친 환희에게 운명처럼 끌리게 된다. 청명이 공주일거라고는 꿈에도 생각 못한 환희 역시 처음 느낀 감정에 다른 사람처럼 변해간다. 하지만 이들의 사랑이 채 피어나기도 전에 과거의 악연에 앙심을 품은 귀몰이 복수를 위해 환희를 찾아오고 청명이 가지고 있던 청나라에 올릴 진상품을 노린 자들의 음모가 더해지면서 위험의 그림자가 점점 그들을 조여오는데…  이것이 운명을 거스르는 사랑일지라도, 모든 것을 건 황홀한 마술, 환희의 마지막 무대가 펼쳐진다!", "poster_URL": "https://movie-phinf.pstatic.net/20151203_181/14491082072063iO4x_JPEG/movie_image.jpg"}}, {"pk": 5, "model": "actors.movie", "fields": {"code": "20145171", "title": "대호", "sales": "13482282132", "audience": "1761082", "open_date": "2015-12-16", "actors": [73, 32, 74, 75, 76, 77, 26, 5, 78, 79, 80, 81, 82, 83, 84, 85, 86, 87, 88, 89, 39, 90], "genres": [4], "score": "8.00", "summary": "1925년, 조선 최고의 명포수로 이름을 떨치던 ‘천만덕’(최민식)은 더 이상 총을 들지 않은 채, 지리산의 오두막에서 늦둥이 아들 ‘석’(성유빈)과 단둘이 살고 있다. ‘만덕’의 어린 아들 ‘석’은 한 때 최고의 포수였지만 지금은 사냥에 나서지 않는 아버지에게 불만을 품는다.   한편, 마을은 지리산의 산군(山君)으로 두려움과 존경의 대상이자, 조선의 마지막 호랑이인 ‘대호’를 찾아 몰려든 일본군 때문에 술렁이고, 도포수 ‘구경’(정만식)은 ‘대호’ 사냥에 열을 올린다.   조선 최고의 전리품인 호랑이 가죽에 매혹된 일본 고관 ‘마에조노’(오스기 렌)는 귀국 전에 ‘대호’를 손에 넣기 위해 일본군과 조선 포수대를 다그치고 ‘구경’과 일본군 장교 ‘류’(정석원)는 자취조차 쉽게 드러내지 않는 ‘대호’를 잡기 위한 마지막 수단으로 명포수 ‘만덕’을 영입하고자 하는데…   시간을 거슬러 이어지는 ‘천만덕’과 '대호'의 운명적인 만남!   모두가 원했지만 누구도 잡을 수 없었던   ‘대호’의 이야기가 펼쳐진다!", "poster_URL": "https://movie-phinf.pstatic.net/20151127_238/1448605940320G8pwH_JPEG/movie_image.jpg"}}, {"pk": 6, "model": "actors.movie", "fields": {"code": "20152370", "title": "잡아야 산다", "sales": "409316900", "audience": "54270", "open_date": "2016-01-07", "actors": [91, 92, 93, 94, 95, 96, 97, 98, 99, 100, 101, 64, 102, 103, 104, 105, 106, 107, 108, 109, 110, 111, 112, 113, 114, 115, 116, 117, 118, 119, 120, 121], "genres": [5, 6], "score": "4.08", "summary": "잘나가는 CEO 쌍칼 승주(김승우) & 강력계 허탕 형사 정택(김정태)! 20년 지기 친구는 개뿔! 서로 으르렁 거리기만 하던 두 사람이 웬일로 의기투합했다?!    개념 따위는 시원하게 말아드신 고딩 4인방에게 퍽치기 당해 지갑과 핸드폰까지 몽땅 털린 승주!  건수 하나 잡을까 얼떨결에 끼어들었다가 띠동갑도 넘는 고딩들에게 총까지 뺏긴 정택! 목숨같은 물건(?)까지 털리고 개망신 제대로 당한 형님들과  달밤에 형님들 똥개 훈련시키는 고딩 4인방의 예측 불허 추격전! 오늘 밤, 이것들을 반드시 잡아야만 한다!", "poster_URL": "https://movie-phinf.pstatic.net/20151215_252/1450142001155ApgFr_JPEG/movie_image.jpg"}}, {"pk": 7, "model": "actors.movie", "fields": {"code": "20156807", "title": "뽀로로 극장판 컴퓨터 왕국 대모험", "sales": "3281800000", "audience": "443039", "open_date": "2015-12-10", "actors": [122, 123, 124, 125, 126, 127, 128, 129, 130], "genres": [7], "score": "8.80", "summary": "어느 날, 에디가 만들어 낸 ‘황금날개 대모험’이라는 게임 속으로 빨려 들어간 뽀로로와 크롱! 그 곳에서 게임의 주인공 치치왕자를 만난 뽀로로와 크롱은 함께 ‘황금날개’를 찾아 공주를 구하기 위한 모험을 떠나게 된다. 한편, 그 둘을 따라 들어온 친구들은 게임 속 세상을 노리는 거미마왕의 부하들에게 잡혀가게 되는데… 과연 뽀로로와 친구들이 함께 거미마왕을 물리치고, 게임 속에서 탈출할 수 있을까?!", "poster_URL": "https://movie-phinf.pstatic.net/20151125_139/1448419273190InQ0U_JPEG/movie_image.jpg"}}, {"pk": 8, "model": "actors.movie", "fields": {"code": "20068576", "title": "그날의 분위기", "sales": "5149571612", "audience": "653287", "open_date": "2016-01-14", "actors": [131, 132, 133, 28, 134, 7, 135, 13, 136, 137, 138, 139, 140, 141, 142, 143, 144, 145, 146, 147], "genres": [3], "score": "6.50", "summary": "부산행 KTX 열차에서 우연히 옆자리에 앉게 된 수정과 재현. 자꾸 눈길이 가는 매력적인 수정에게 재현이 건넨 한 마디,   “저… 오늘 웬만하면 그쪽이랑 자려구요.”   자유 연애, 오픈 마인드! 작업했다 하면 100% 성공률을 자랑하는 맹공남 재현의 훅훅 들어오는 맹렬한 공격에 수정은 점차 말려들게 되는데…   “저 그런 여자 아니거든요!”   10년 연애, 일편단심! 안 하는 것 참 많은 이 시대의 철벽녀 수정은 당황스러움도 잠시 철벽 방어로 재현의 유혹에 맞선다.  맹공남 VS 철벽녀! 두 남녀의 아슬아슬 밀당 로맨스, 승자는?", "poster_URL": "https://movie-phinf.pstatic.net/20151216_253/1450228698126auNzt_JPEG/movie_image.jpg"}}, {"pk": 9, "model": "actors.movie", "fields": {"code": "20149314", "title": "내부자들", "sales": "56584970557", "audience": "7069837", "open_date": "2015-11-19", "actors": [22, 23, 24, 25, 26, 27, 28, 29, 30, 31, 32, 33, 36, 34, 35, 148, 149, 150, 151, 152, 153, 154, 155, 156, 157, 158, 159, 21, 160, 161, 162, 37, 38, 39, 163], "genres": [2, 1], "score": "8.99", "summary": "“복수극으로 가자고, 화끈하게” 유력한 대통령 후보와 재벌 회장, 그들을 돕는 정치깡패 안상구(이병헌). 뒷거래의 판을 짠 이는 대한민국 여론을 움직이는 유명 논설주간 이강희(백윤식)다. 더 큰 성공을 원한 안상구는 이들의 비자금 파일로 거래를 준비하다 발각되고, 이 일로 폐인이 되어 버려진다.   “넌 복수를 원하고, 난 정의를 원한다. 그림 좋잖아?” 빽 없고 족보가 없어 늘 승진을 눈 앞에 두고 주저 앉는 검사 우장훈(조승우). 마침내 대선을 앞둔 대대적인 비자금 조사의 저격수가 되는 기회를 잡는다. 그러나 비자금 파일을 가로챈 안상구 때문에 수사는 종결되고, 우장훈은 책임을 떠안고 좌천된다.   자신을 폐인으로 만든 일당에게 복수를 계획하는 정치깡패 안상구 비자금 파일과 안상구라는 존재를 이용해 성공하고 싶은 무족보 검사 우장훈 그리고 비자금 스캔들을 덮어야 하는 대통령 후보와 재벌, 그들의 설계자 이강희   과연 살아남는 자는 누가 될 것인가?", "poster_URL": "https://movie-phinf.pstatic.net/20151021_172/14453964781624mCqX_JPEG/movie_image.jpg"}}, {"pk": 10, "model": "actors.movie", "fields": {"code": "20158483", "title": "오빠생각", "sales": "8057632287", "audience": "1069207", "open_date": "2016-01-21", "actors": [164, 165, 166, 167, 46, 168, 169, 170, 171, 172, 173, 174, 175, 176, 177, 178, 179, 180, 181, 182, 183, 184, 185, 186, 187], "genres": [1, 8], "score": "8.49", "summary": "전쟁으로 소중한 가족도, 지켜야 할 동료도 모두 잃은 군인 ‘한상렬’(임시완). 우연히 전출 명령을 받아 머물게 된 부대 내에서  부모를 잃고 홀로 남은 아이들을 만나게 된다.  아이들의 해맑은 모습에 점차 마음을 열게 된 그는  자원봉사자 선생님 ‘박주미’(고아성)와 함께  어린이 합창단을 만들어 노래를 가르치기 시작하고,  이들의 노래는 언제 목숨을 잃을지 모르는 전쟁 한가운데 놓인  모든 이들의 마음을 울리기 시작하는데...  전쟁 한가운데, 작은 노래가 만든 위대한 기적이 시작된다!", "poster_URL": "https://movie-phinf.pstatic.net/20160121_19/1453360481455FIfHz_JPEG/movie_image.jpg"}}, {"pk": 11, "model": "actors.movie", "fields": {"code": "20151021", "title": "순정", "sales": "1738293033", "audience": "240484", "open_date": "2016-02-24", "actors": [188, 189, 190, 191, 192, 193, 194, 195, 196, 197, 198, 199, 200, 201, 70, 202, 203], "genres": [1], "score": "8.82", "summary": "라디오 DJ ‘형준’은 어느 날, 생방송 중에 도착한 낯익은 이름의 편지 한 통에 당혹스러움을 감추지 못한다.  사연을 보낸 이는 바로 23년 전 가슴 한 켠에 묻어두었던 첫사랑의 이름 ‘정수옥’.  그녀의 손글씨로 정성스레 쓰인 노트를 보며 형준은 잊고 지냈던 23년 전의 기억들이 되살아나기 시작하는데…  1991년, 여름방학을 맞아 ‘수옥’이 기다리고 있는 고향 섬마을에 모인 ‘범실’과 친구들.  다섯이어야 오롯이 하나가 되는 이들은 함께여서 더욱 빛나는 시간들로 여름날의 추억을 쌓아간다.  그리고, ‘수옥’이 원하는 것이라면 뭐든지 해주고 싶은 ‘범실’의 마음… 열일곱 ‘범실’과 ‘수옥’에게 잊을 수 없는 특별한 순간이 찾아온다!  과거와 현재를 넘나드는 단 하나의 첫사랑! 그 해 여름, 아련한 추억 속으로 음악비행이 시작된다!", "poster_URL": "https://movie-phinf.pstatic.net/20160216_23/1455609762027BQjru_JPEG/movie_image.jpg"}}, {"pk": 13, "model": "actors.movie", "fields": {"code": "20157466", "title": "로봇, 소리", "sales": "3512818560", "audience": "475622", "open_date": "2016-01-27", "actors": [204, 167, 205, 6, 206, 207, 208, 209, 210, 89, 211, 212, 213, 214, 199, 215, 216, 217, 218, 178, 219, 220], "genres": [1], "score": "8.47", "summary": "2003년 대구, 해관(이성민)의 하나뿐인 딸 유주가 실종되는 사건이 벌어진다. 아무런 증거도 단서도 없이 사라진 딸의 흔적을 찾기 위해 해관은 10년 동안 전국을 찾아 헤맨다. 모두가 이제 그만 포기하라며 해관을 말리던 그때, 세상의 모든 소리를 기억하는 로봇 ‘소리’를 만난다.   “미친 소리 같겠지만, 이 녀석이 내 딸을 찾아줄 것 같습니다.”   해관은 목소리를 통해 대상의 위치를 추적할 수 있는 로봇의 특별한 능력을 감지하고 딸 유주를 찾기 위해 동행에 나선다. 사라진 딸을 찾을 수 있다는 마지막 희망을 안고 ‘소리’가 기억해내는 유주의 흔적에 한 걸음씩 가까워지는 둘. 한편, 사라진 로봇을 찾기 위해 해관과 ‘소리’를 향한 무리들의 감시망 역시 빠르게 조여오기 시작하는데… 과연 그들은 사라진 딸 유주를 찾을 수 있을까?   2016년 가장 희망적인 ‘소리’를 만난다!", "poster_URL": "https://movie-phinf.pstatic.net/20160127_128/14538599037318AGmB_JPEG/movie_image.jpg"}}, {"pk": 14, "model": "actors.movie", "fields": {"code": "20158824", "title": "프랑스 영화처럼", "sales": "30997000", "audience": "3958", "open_date": "2016-01-14", "actors": [221, 222, 223, 168, 224, 225, 226, 227, 228, 229, 21, 230], "genres": [1], "score": "6.49", "summary": "A time to leave  네 딸을 둔 어머니는 스스로 죽음을 선택한다. 그리고 딸들과 함께하는 마지막 삼 일 간의 시간이 시작된다.  A lady at the bar 아름다운 맥주 가게 아가씨를 좋아하기 시작한 두 명의 남자가 있다. 한 명의 여자와 두 명의 남자, 셋의 밤이 시작된다.   A remaining time 서로 사랑하는 두 남녀가 있다. 어느 날 우연히 만난 용한 점쟁이는 그들에게 연인의 시간이 100일 밖에 남지 않았다고 전한다.   Like a French film 한 여자를 사랑하는 남자가 있다. 세상은 그를 그녀의 어장에 갇힌 호구라 부르지만 남자는, 여자를 사랑하기 시작한 순간을 잊지못한다.  2016. New Year’s Film  1월 14일, 잊을 수 없는 한 편의 순간이 시작된다.", "poster_URL": "https://movie-phinf.pstatic.net/20151209_62/14496254730802KcsG_JPEG/movie_image.jpg"}}, {"pk": 15, "model": "actors.movie", "fields": {"code": "20145507", "title": "검사외전", "sales": "77311821264", "audience": "9706021", "open_date": "2016-02-03", "actors": [1, 231, 204, 232, 233, 234, 235, 6, 26, 33, 236, 8, 90, 37, 237, 238, 239, 240, 90, 241, 242, 243, 244, 245, 246, 247, 248, 249, 178, 250, 250, 251, 121, 147], "genres": [2, 5], "score": "7.94", "summary": "진실 앞에 무대뽀! 다혈질 검사, 살인 누명을 쓰고 감옥에 갇히다!   거친 수사 방식으로 유명한 다혈질 검사 ‘변재욱’(황정민). 취조 중이던 피의자가 변사체로 발견 되면서 살인 혐의로 체포된다. 꼼짝없이 살인 누명을 쓰게 된 '변재욱'은 결국 15년 형을 받고 수감 된다.   진실 따위 나 몰라라! 허세남발 꽃미남 사기꾼, 반격 작전에 선수로 기용되다!  감옥에서 복수의 칼을 갈던 재욱. 5년 후, 자신이 누명을 쓰게 된 사건에 대해 알고 있는 허세남발 꽃미남 사기꾼 ‘치원’(강동원)을 우연히 만나게 되고, 그 순간 감옥 밖 작전을 대행해 줄 선수임을 직감한다. 검사 노하우를 총 동원, 치원을 무혐의로 내보내고 반격을 준비하는 재욱. 하지만 자유를 얻은 치원은 재욱에게서 벗어날 기회만 호시탐탐 노리는데…  감옥에 갇힌 검사와 세상 밖으로 나온 사기꾼! 이들의 예측불허, 반격의 한탕은 성공할 수 있을까?", "poster_URL": "https://movie-phinf.pstatic.net/20160112_146/1452573577623EyUOh_JPEG/movie_image.jpg"}}, {"pk": 16, "model": "actors.movie", "fields": {"code": "20142401", "title": "파리의 한국남자", "sales": "12390800", "audience": "1623", "open_date": "2016-01-28", "actors": [252, 253, 254, 255], "genres": [1], "score": "5.61", "summary": "생애 가장 행복했던 순간 모든 것을 잃은 남자 '상호', 신혼여행지에서 갑자기 사라진 아내 '연화'를 찾아 매일 밤 뒷골목을 헤매며 지금껏 보지 못한 살아있는 파리의 얼굴을 마주하게 된다.   의심과 불안, 실낱 같은 믿음과 희망 속 2년의 시간이 흐른 어느 날. ‘상호’는 밤 거리에서 우연히 만난 여자 ‘창’과 서로의 아픔을 공유하며 아내가 사라진 후 처음으로 욕망을 느낀다.   하지만 그토록 찾고 싶었던, ‘연화’로 추정되는 이를 알고 있다는 매춘부가 나타나는데…  “그녀를 다시 찾는다면, 어떻게 할 건가요?”", "poster_URL": "https://movie-phinf.pstatic.net/20160107_75/1452130178252CT9Nq_JPEG/movie_image.jpg"}}, {"pk": 19, "model": "actors.movie", "fields": {"code": "20150903", "title": "번개맨", "sales": "513537500", "audience": "68734", "open_date": "2016-02-11", "actors": [261, 262], "genres": [9, 10], "score": "6.23", "summary": "꿈과 희망이 가득한 조이랜드를 호시탐탐 노리는 악당 잘난마왕은 조이랜드를 무너뜨리기 위해 번개맨의 초능력인 번개파워를 없애려는 계획을 세운다. 잘난마왕은 행동대장인 나잘난과 더잘난을 이용해 조이랜드 극장의 주인공이자 말괄량이 소녀 한나에게 최면을 걸고, 날고 싶은 한나의 꿈을 이용해 블랙홀에 빠트린다. 결국 한나를 구하려던 번개맨은 강력한 블랙홀로 인해 점점 번개파워를 잃어가는데...   과연 번개맨은 블랙홀에서 벗어나 위기에 빠진 조이랜드를 구해낼 수 있을까?", "poster_URL": "https://movie-phinf.pstatic.net/20160115_274/145283181580231EpW_JPEG/movie_image.jpg"}}, {"pk": 20, "model": "actors.movie", "fields": {"code": "20158482", "title": "동주", "sales": "8862500089", "audience": "1168238", "open_date": "2016-02-17", "actors": [263, 199, 264, 265, 266, 267, 268, 269, 17, 270, 271, 247, 272, 273, 274], "genres": [1], "score": "9.36", "summary": "이름도, 언어도, 꿈도, 모든 것이 허락되지 않았던 일제강점기. 한 집에서 태어나고 자란 동갑내기 사촌지간 동주와 몽규. 시인을 꿈꾸는 청년 동주에게 신념을 위해 거침없이 행동하는 청년 몽규는  가장 가까운 벗이면서도, 넘기 힘든 산처럼 느껴진다.  창씨개명을 강요하는 혼란스러운 나라를 떠나 일본 유학 길에 오른 두 사람.  일본으로 건너간 뒤 몽규는 더욱 독립 운동에 매진하게 되고,  절망적인 순간에도 시를 쓰며 시대의 비극을 아파하던 동주와의 갈등은 점점 깊어진다.  어둠의 시대, 평생을 함께 한 친구이자 영원한 라이벌이었던  윤동주와 송몽규의 끝나지 않은 이야기가 지금 시작된다.", "poster_URL": "https://movie-phinf.pstatic.net/20160205_299/1454651273096sYmsK_JPEG/movie_image.jpg"}}, {"pk": 21, "model": "actors.movie", "fields": {"code": "20157441", "title": "멜리스", "sales": "64382600", "audience": "8132", "open_date": "2016-02-11", "actors": [275, 276, 277, 278, 279, 280, 281, 38, 282, 136, 283, 284, 285], "genres": [11, 12], "score": "4.04", "summary": "그.녀.의.모.든.것.이.거.짓.이.다   대학시절 급격히 가세가 기울고 사회로부터 외면 당한 뒤 철저히 자신을 숨긴 채 살아가던 '가인' 어느 날 우연히 한때는 절친했던 여고 동창 '은정'을 만난다. 화목한 가정, 안정된 직장까지 모든 것을 가진 친구에게 극도의 질투를 느끼는 그녀. 아무것도 가진 게 없는 자신의 모습에 초라함을 느끼고 서서히 자신이 '은정'이라는 망상에 사로잡히게 되는데...   마침내 '은정'의 삶을 송두리째 훔치려는 '가인' 그 잔혹한 계획의 최후는..?", "poster_URL": "https://movie-phinf.pstatic.net/20160122_34/1453443744372xOFSl_JPEG/movie_image.jpg"}}, {"pk": 22, "model": "actors.movie", "fields": {"code": "20150977", "title": "좋아해줘", "sales": "6570985337", "audience": "847912", "open_date": "2016-02-17", "actors": [286, 287, 288, 289, 263, 290, 291, 292, 240, 293, 15, 294, 295, 296, 297, 298, 299, 300, 119, 147], "genres": [3, 5], "score": "8.22", "summary": "잘 나가는 작가와 더 잘 나가는 스타 사랑 잃은 노총각과 집 잃은 노처녀 연애 초짜 작곡가와 밀당 고수 PD  대책 없이 ‘좋아요’를 누르다가 진짜 좋아져버린 내 생애 가장 설레는 로맨스  2016년, 이제는 말하세요.  “좋아해줘.”", "poster_URL": "https://movie-phinf.pstatic.net/20160205_60/1454633217081k795p_JPEG/movie_image.jpg"}}, {"pk": 23, "model": "actors.movie", "fields": {"code": "20161364", "title": "귀향", "sales": "27237626990", "audience": "3585184", "open_date": "2016-02-24", "actors": [301, 302, 303, 304, 305, 306, 238, 307, 308, 309, 310, 311, 312, 313, 314, 315, 316, 317, 318, 319, 320, 321, 322, 323, 324, 325, 326, 327], "genres": [1], "score": "7.85", "summary": "<귀향>이 일본군 ‘위안부’ 피해자들에 대한 ‘기록’과 ‘위로’였다면, \r <귀향, 끝나지 않은 이야기>는 우리가 전하는 ‘약속’입니다.\r \r “언니야 이제 집에 가자”", "poster_URL": "https://movie-phinf.pstatic.net/20170828_294/1503887983509PP7JP_JPEG/movie_image.jpg"}}, {"pk": 24, "model": "actors.movie", "fields": {"code": "20145502", "title": "남과 여", "sales": "1651005533", "audience": "203756", "open_date": "2016-02-25", "actors": [328, 329, 330, 331, 332, 333, 334, 335, 336, 337, 338, 339, 340], "genres": [3], "score": "7.92", "summary": "핀란드의 하얀 설원 속 둘 만의 동행 ‘남과 여’ 헬싱키. 아이들의 국제학교에서 만난 상민(전도연)과 기홍(공유)은,  먼 북쪽의 캠프장을 향해 우연히 동행하게 된다.  폭설로 도로가 끊기고, 아무도 없는 하얀 숲 속의 오두막에서 둘은 깊이 안게 되고,  서로의 이름도 모른 채 헤어지게 된다.  일상을 파고든 뜨거운 끌림 '남과 여' 8개월 후, 서울. 핀란드에서의 시간을 설원이 보여 준 꿈이라 여기고  일상으로 돌아온 상민 앞에 거짓말처럼 기홍이 다시 나타나고  둘은 걷잡을 수 없는 끌림 속으로 빠져든다.", "poster_URL": "https://movie-phinf.pstatic.net/20160215_163/1455527110149mO3mt_JPEG/movie_image.jpg"}}, {"pk": 25, "model": "actors.movie", "fields": {"code": "20152541", "title": "무수단", "sales": "125801400", "audience": "15838", "open_date": "2016-03-03", "actors": [341, 342, 343, 344, 345, 346, 347, 348, 349, 350, 351, 352], "genres": [13, 12], "score": "3.03", "summary": "비무장지대에서 원인불명의 사망, 실종사건이 연이어 발생하자 특전대 엘리트 출신의 조진호 대위(김민준)와 생화학 주특기 장교 신유화 중위(이지아)를 각각 팀장, 부팀장으로 한 최정예 특임대가 구성된다. 24시간 내에 비무장지대에서 벌어진 사고의 실체를 파악해 오라는 명령을 받은 그들, 그러나 그곳에 들어선 순간 심상치 않은 흔적들이 발견되고, 대원들도 하나 둘씩 이상한 징후를 감지하기 시작하는데…", "poster_URL": "https://movie-phinf.pstatic.net/20160204_294/1454549564628GlEBP_JPEG/movie_image.jpg"}}, {"pk": 27, "model": "actors.movie", "fields": {"code": "20144441", "title": "섬. 사라진 사람들", "sales": "161303200", "audience": "20009", "open_date": "2016-03-03", "actors": [358, 27, 359, 212, 360, 361, 362, 362, 363, 364, 365, 366, 367, 176], "genres": [12], "score": "7.86", "summary": "\"노예 얘기 들었을 때 아무렇지도 않았어? 어이가 없잖아. 지금 이 시대에\" 염전노예사건 제보를 받은 공정뉴스TV 기자 혜리는 카메라기자 석훈과  사건이 일어난 '섬'으로 잠입 취재를 떠난다.  다큐멘터리 촬영으로 위장해 '섬' 사람들에게 접근해보지만 그들은 쉽게 입을 열지 않는데..  '섬'에서 일어난 의문의 집단살인사건! 1명은 혼수상태, 3명은 행방불명?  취재 도중 '섬'에서 일어난 집단 살인사건에 얽힌 혜리는 혼수상태에 빠지고  염전주인과 아들, 인부 상호는 행방불명이다.   \"아직 생존자가 살아있는데 철수하라뇨!\" 미디어와 대중의 논란이 가속화되자 서둘러 수사는 종결된다.  그로부터 5개월 후, 유일한 목격자이자 생존자인 혜리가 깨어나는데..  '섬'의 실체가 밝혀진다!", "poster_URL": "https://movie-phinf.pstatic.net/20160205_184/1454634383217IThEb_JPEG/movie_image.jpg"}}, {"pk": 28, "model": "actors.movie", "fields": {"code": "20158822", "title": "설행_눈길을 걷다", "sales": "24419200", "audience": "3150", "open_date": "2016-03-03", "actors": [368, 369, 370, 371, 372, 247, 373], "genres": [1], "score": "8.18", "summary": "눈 오는 추운 겨울,   정우(김태훈)는 알코올 중독 치료를 위해 수녀들이 운영하는 산 중의 요양원을 찾는다. 현실과 꿈 속을 오가며 술에 대한 유혹과 고독한 싸움을 벌이던 그는 그 곳에서 만난 수녀 마리아(박소담)와의 교감을 통해 회복의 싹을 찾기 시작한다.  그러던 중, 정우는 요양원에서 만난 포수의 배낭에 든 술을 노리고 그를 따라 사냥에 동참했다가 폭설 속에 고립되는데…", "poster_URL": "https://movie-phinf.pstatic.net/20160215_14/1455497542312t3Vfc_JPEG/movie_image.jpg"}}, {"pk": 29, "model": "actors.movie", "fields": {"code": "20145396", "title": "널 기다리며", "sales": "5220920336", "audience": "633208", "open_date": "2016-03-10", "actors": [207, 374, 375, 376, 377, 378, 6, 379, 380, 381, 382, 383, 384, 385, 386], "genres": [12], "score": "7.59", "summary": "당신이 우리 아빠 죽였지? 15년 전, 내 눈 앞에서 아빠를 죽인 범인이 드디어 세상 밖으로 나왔다.   15년을 기다린 이유는 단 하나! 아빠를 죽인 범인을 쫓는 소녀 ‘희주’ 앞에 유사 패턴의 연쇄살인사건이 발생하고 15년을 기다린 희주의 계획은 전혀 예측하지 못한 새로운 국면을 맞이하게 되는데…   15년의 기다림, 7일간의 추적 그 놈을 잡기 위한 강렬한 추적이 시작된다!", "poster_URL": "https://movie-phinf.pstatic.net/20160307_193/1457316803459eHDRf_JPEG/movie_image.jpg"}}, {"pk": 30, "model": "actors.movie", "fields": {"code": "20161722", "title": "히야", "sales": "172469600", "audience": "21501", "open_date": "2016-03-10", "actors": [387, 388, 62, 389, 390, 391, 392, 393, 394, 395, 396, 397, 178, 398, 399, 400, 352], "genres": [1], "score": "8.41", "summary": "“히야가 뭐든 다 해줄게” 온 동네와 학교에서 이름깨나 날리던 ‘진상’(안보현) 집안의 골칫거리로 떠들썩하게 자란 문제아 진상은 사기죄에 살인용의자로 몰려 끈질긴 ‘최형사’(박철민)에게 쫓기는 신세다. 제 앞가림도 못하지만, 형 취급도 안 해주는 동생에게 끊임없이 다가가려 애쓴다.      “히야 좋아하네. 제발 가라” 멋진 무대에 오르는 가수를 꿈꾸는 고등학생 ‘진호’(이호원) 돈도 빽도 없어 매번 오디션 탈락의 고배를 마신다.  게다가 형이 남긴 외상 후유증과  살인 누명까지 쓴 진상의 존재는 그의 꿈을 방해하기 일쑤다.   제발 눈앞에 나타나지 말라는 외침에도  내편이 되겠다고 나서는 형 때문에 인생이 괴로운데…", "poster_URL": "https://movie-phinf.pstatic.net/20160215_74/1455528954848GO9e1_JPEG/movie_image.jpg"}}, {"pk": 31, "model": "actors.movie", "fields": {"code": "20162381", "title": "일사각오", "sales": "652570000", "audience": "89723", "open_date": "2016-03-17", "actors": [401, 402, 403], "genres": [1], "score": "9.18", "summary": "일제 강점기에 신사참배에 반대해 갖은 고문을 당하면서도, 자신의 신앙을 지키며 나라와 민족을 위해 끝까지 저항한 주기철 목사는, 한국기독교의 상징적인 인물인 동시에 가장 대표적인 순교자다. 그가 47세의 젊은 나이에 옥사하며 유일하게 남긴 유산은 일사각오(一死覺悟)라는 네 글자로 대표되고 있다. 오직 믿음으로 거대한 일제 권력에 맞서 싸운 주기철 목사의 신앙과 삶을 생생한 증언과 당시 상황 재연을 통해 감동적으로 소개한다. 진정한 ‘믿음의 본질’은 무엇이며, ‘신념’은 무엇인가?  ①주기철의 삶_ 식민지 역사를 관통하다 13살 주기철은 한일강제합병으로 ‘나라’를 잃고, 그해 성탄절에 처음으로 교회에 나가 ‘하나님’을 만나게 된다. 그가 목사 안수를 받던 1925년, 서울 남산엔 조선 신궁이 세워졌다. 이후 황국신민화 정책을 내세운 일본은 천황이 사는 곳을 향해 절하는 궁성요배와 신사참배를 강요했다. 조선인의 생명과 정신까지 무한 수탈하겠다는 것이 일본의 정책 목표였다. 이에 반대하며 ‘일사각오’의 길을 걸어간 주기철은 광복을 1년 앞둔 1944년, 마흔 일곱 살의 나이로 순교한다. 침략자의 거대한 권력 앞에 맞선 작은 개인 주기철. 영화보다 더 드라마틱한 삶을 살았던 그의 일대기를 다큐드라마로 만난다.  ②13살 아들의 눈으로 본 ‘인간 주기철’ 아버지 주기철은 나이 13살에 ‘나라’를 잃고 ‘하나님’을 만났지만, 아들 주광조는 나이 13살에 ‘아버지’를 잃고 ‘하나님’을 등졌다. 역사는 주기철을 독립 운동가이자 순교자로 기록하고 있지만, 아들 주광조는 “내 아버지는 그저 인간적인 사람”이었다고 말한다. 공식적인 역사가 기록하지 못하는 인간 주기철의 고뇌와 번민, 갈등을 13살 아들의 시선으로 재구성한다.  ③독립운동가 주기철_ “가장 존경받는 ‘믿음의 선배’” 주기철은 순교자이기 전에 독립 운동가였다. 오산학교를 졸업한 주기철은 1919년 3.1운동에 참여했으며, 스승 조만식과 전국을 순회하며 ‘물산장려운동’을 펼쳤다. 풍전등화와 같은 조국의 현실 앞에서 기독교 사상을 바탕으로 한 그의 민족정신은 ‘신념’을 잊고 살아가는 현대인들에게 어떤 메시지를 전해주는 것일까.  ④기독교_ “조선통치상의 ‘암’적인 존재” 일제의 탄압에 못 이겨 조선의 종교단체들은 하나둘씩 신사참배를 수용하기 시작했고, 조선예수교장로회마저 신사참배를 결의하기에 이른다. 그러나 기독교는 여전히 일제통치에 가장 큰 걸림돌이었다. 당시 일제에 맞서다 폐쇄된 교회는 약 200여 개. 목회자와 신도 2천 여 명이 검속되었고, 그 중에 50여명이 목숨을 잃었다. 종교적 신념을 넘어 범인류적 ‘정의와 신념’의 의미를 묻는, 한국기독교의 독립 운동사를 새롭게 조명한다.  ⑤주기철이 남긴 믿음의 유산_ ‘범인류적 양심과 가치’ 주기철 그가 떠나고 70년. 우리에겐 ‘일사각오’라는 믿음의 유산이 남았다. 그가 걸어간 ‘신사참배 반대’의 길은 기독교라는 특정 종교의 신념을 넘어선 ‘범인류적 양심이자 가치’였다. 자신의 신념을 죽음으로써 지켜낸 주기철의 삶은 오늘을 사는 우리에게 묻고 있다. 진정한 신념이란 무엇인가? 죽음과 맞바꿔가며 신념을 지켜내는 힘은 어디로부터 오는가? 오늘날 마음의 중심을 잃어가는 현대인들에게도 신념이 있을까? 있다면 그건 무엇일까?", "poster_URL": "https://movie-phinf.pstatic.net/20160225_77/14563668071700Fnpt_JPEG/movie_image.jpg"}}, {"pk": 32, "model": "actors.movie", "fields": {"code": "20159643", "title": "글로리데이", "sales": "1477624968", "audience": "188102", "open_date": "2016-03-24", "actors": [404, 405, 212, 406, 407, 239, 408, 409, 410, 15, 411, 412, 413, 414, 415, 416, 417, 384, 418, 419, 420, 340, 421, 422, 423, 424], "genres": [1], "score": "7.90", "summary": "“그 날 우리의 스무 살은 잔뜩 구겨졌다.”  이제 막 스무 살이 된 친구 용비, 상우, 지공, 두만은 입대하는 상우의 배웅을 위해 오랜만에 뭉쳐 여행을 떠난다.  친구가 전부이고 제일인 용비, 대학 대신 군대를 택한 상우, 엄마에게 시달리는 재수생 지공, 낙하산 대학 야구부 두만은 각자의 일상에서 벗어나 자유를 만끽한다.    포항의 한 바닷가. 어른이 된 기분에 한껏 들떠 있던 것도 잠시, 우연히 위험에 처한 여자를 구하려다 시비에 휘말리게 되고 네 명은 순식간에 사건의 주범이 되어버린다. 무심한 경찰과 속 타는 부모들은 ‘진실’보다는 ‘사실’이 더 중요하다고, 그리고 ‘세상에는 친구보다 지킬 것이 더 많다’고 말한다.   “센 척하지마! 너도 무섭잖아.” 가장 아름답게 빛나던 하루는 속수무책 구겨져만 가고,  넷이라면 두려울 게 없었던 이들의 마음도 점차 무력하게 흔들리기 시작하는데…  스무 살 인생에 어둠이 내린다.  짙은 밤이 지나고 나면, 우린 어떤 아침을 맞이하게 될까.", "poster_URL": "https://movie-phinf.pstatic.net/20160226_176/1456452020335pBOPh_JPEG/movie_image.jpg"}}, {"pk": 33, "model": "actors.movie", "fields": {"code": "20152782", "title": "날, 보러와요", "sales": "8827298563", "audience": "1062288", "open_date": "2016-04-07", "actors": [425, 426, 427, 379, 239, 428, 429, 430, 431, 28, 432, 433, 434, 435, 436, 436, 437, 245, 438, 439, 440, 441], "genres": [13, 12], "score": "7.25", "summary": "정신병동 감금 106일째 난 미치지 않았어요…  대낮 도심 한복판, 강수아(강예원)는 이유도 모른 채 정신병원에 강제이송, 감금된다.  강제 약물 투여와 무자비한 폭력 속에 시달리던 수아는  이 곳에서의 끔직한 일들을 세세하게 기록하기 시작한다.  합법적 감금. 그 이면의 충격적 사실 누가, 왜, 그녀를 가두었는가?  그로부터 일년 뒤, 시사프로 ‘추적24시’ 나남수(이상윤)PD에게 수첩이 배달된다. 나PD는 믿기 힘든 사건들이 기록된 이 수첩의 진실을 밝히고자  강수아를 찾아갔지만, 그녀는 현재 살인사건 용의자로 수감되어 있다.  취재를 거듭할수록 드러나는 충격적 사실들!!! 과연 무엇이 진실이고 무엇이 거짓일까?", "poster_URL": "https://movie-phinf.pstatic.net/20160404_75/14597497048563ORbp_JPEG/movie_image.jpg"}}, {"pk": 34, "model": "actors.movie", "fields": {"code": "20150902", "title": "대배우", "sales": "1235155228", "audience": "168186", "open_date": "2016-03-30", "actors": [442, 374, 25, 443, 444, 445, 446, 447, 448, 449, 450, 451, 90, 452, 453, 454, 455, 456, 457, 458, 459, 366, 460], "genres": [5], "score": "5.75", "summary": "대배우를 꿈꾸는 20년차 무명배우 장성필!  아동극 ‘플란다스의 개’의 파트라슈 역할 전문으로 20년째 대학로를 지키고 있는 ‘성필’.  극단 생활을 함께했던 ‘설강식’이 국민배우로 승승장구하는 것을 보며 언젠가 자신도 대배우가 되리라 다짐한다.  하지만 여전히 대사 한마디 없는 개 역할에서 벗어나기 어렵고, 이제는 가족들마저 짐처럼 느껴지기 시작한다.  세계적인 깐느박 감독 작품 신인 배우 모집!  전세계가 인정한 대한민국 대표감독 ‘깐느박’. 그가 새영화 <악마의 피>의 사제 역할로 뉴페이스를 찾고 있다. '성필'에게는 자신의 연기를 만인 앞에 선보일 수 있는 절호의 찬스! ‘성필’은 일생일대의 메소드 연기를 준비하는데…", "poster_URL": "https://movie-phinf.pstatic.net/20160315_210/1458018471321gH8wU_JPEG/movie_image.jpg"}}, {"pk": 35, "model": "actors.movie", "fields": {"code": "20152746", "title": "커터", "sales": "151165500", "audience": "19405", "open_date": "2016-03-30", "actors": [461, 462, 463, 464, 465, 466, 119, 467, 468, 469, 470, 471], "genres": [2, 1], "score": "5.72", "summary": "낯선 환경, 낯선 분위기에 적응하지 못하고 배회하는 전학생 윤재. 그에게, 밝은 표정의 소녀 '은영'이 친절을 베풀며 다가온다. 하지만 그녀의 시선은 어딘지 모르게 차가운 분위기를 가진 소년 '세준'을 향해있다.   세준은 전학 온 윤재의 적응을 도와주고, 그때부터 둘은 모든 것을 함께하게 된다.   어느 날 돈이 필요하다는 윤재의 얘기에, 아르바이트를 제안하는 세준. 바로 술에 취한 여성들을 노리는 은밀한 제안.  죄책감만 버린다면 쉽게 돈을 벌 수 있다는 위험한 생각에  점점 더 빠져드는 윤재와 세준, 결국 해서는 안 될 끔찍한 일에 가담하게 되고,  은영에게 그 모습을 들키고 만다...  그리고 이 모든 것을 숨기기 위해 더욱 충격적인 사건을 저지르게 되는데...", "poster_URL": "https://movie-phinf.pstatic.net/20160223_160/1456189169193NanJN_JPEG/movie_image.jpg"}}, {"pk": 36, "model": "actors.movie", "fields": {"code": "20145506", "title": "해어화", "sales": "3761165759", "audience": "484735", "open_date": "2016-04-13", "actors": [472, 133, 473, 232, 42, 102, 474, 475, 476, 477, 478, 479, 480, 481, 482, 483, 485, 486, 299, 487, 488, 489, 490, 491], "genres": [4, 1], "score": "8.01", "summary": "1943년 비운의 시대 미치도록 부르고 싶던 노래, 그 노래가 내 것이어야 했다마지막 남은 경성 제일의 기생 학교 ‘대성권번’  빼어난 미모와 탁월한 창법으로 최고의 예인으로 불리는 소율(한효주)과 심금을 울리는 목소리를 가진 연희(천우희)는 선생 산월(장영남)의 총애와 동기들의 부러움을 받는 둘도 없는 친구.  당대 최고의 작곡가인 윤우(유연석)는 민중의 마음을 어루만지는 ‘조선의 마음’이라는 노래를 작곡하려 하고 윤우의 노래를 부르고 싶은 소율은 예인이 아닌 가수를 꿈꾸게 된다. 하지만 윤우는 우연히 듣게 된 연희의 목소리에 점차 빠져들고 소율과 연희는 노래 ‘조선의 마음’을 차지하기 위해 서로 엇갈린 선택을 하게 되는데…  마지막 기생의 숨겨진 이야기, 해어화(解語花)", "poster_URL": "https://movie-phinf.pstatic.net/20160315_83/1458005336985N5WEE_JPEG/movie_image.jpg"}}, {"pk": 37, "model": "actors.movie", "fields": {"code": "20162431", "title": "극장판 프랭키와 친구들: 생명의 나무", "sales": "404112600", "audience": "55568", "open_date": "2016-04-13", "actors": [492, 493], "genres": [7], "score": "8.59", "summary": "고구마 튀김이 먹고 싶은 프랭키와 어제 남은 음식을 먼저 다 먹어야 한다는 잔소리꾼 뚜.\r 프랭키는 고집을 부려 고구마 튀김을 얻어내지만, 결국 다 먹지 못하고 쿠앙과 몰래 숲 속에 파묻어버렸어요.\r 그러던 어느 날,\r 고약한 냄새가 나는 음식물 쓰레기더미에서 이상한 버섯들이 자라나고\r 그 버섯을 먹은 곤충들과 퐁은 엄청나게 커져 동화마을을 엉망으로 만들어 버렸어요.\r 산타 할아버지는 이 모든 것이 '생명의 나무'에 문제가 생겼기 때문이라고 하는데...\r '생명의 나무'를 찾아 모험을 떠나기로 결심한 프랭키와 친구들!\r \r 과연 꼬마 원정대들은 마녀의 위협으로부터 위기에 빠진\r 동화마을을 구해낼 수 있을까요?", "poster_URL": "https://movie-phinf.pstatic.net/20160328_286/1459143129950OSHhX_JPEG/movie_image.jpg"}}, {"pk": 38, "model": "actors.movie", "fields": {"code": "20159641", "title": "위대한 소원", "sales": "2433305213", "audience": "307332", "open_date": "2016-04-21", "actors": [494, 344, 378, 495, 496, 497, 498, 30, 499, 500, 501, 86, 502, 502, 503, 504, 505, 507], "genres": [5, 1], "score": "7.84", "summary": "죽기 전에 꼭 한 번 하고 싶은 ‘ㅅㅅ’ 꿈나무, ‘고환’ 어설픈 상남자, ‘남준’ 매를 버는 금수저, ‘갑덕’   시한부 선고를 받은 ‘고환’의 마지막 소원은 오직 하나, “한 달이든... 내일 당장이든... 죽어도 어른으로 죽고 싶어!” ‘고환’의 위대한 소원을 들어주기 위한 절친 녀석들의 고군분투가 시작된다!  인정, 사정(?!)이 필요한 절친녀석들의 혈기왕성 코미디가 온다!", "poster_URL": "https://movie-phinf.pstatic.net/20160420_34/1461114077651eudhK_JPEG/movie_image.jpg"}}, {"pk": 39, "model": "actors.movie", "fields": {"code": "20142621", "title": "시간이탈자", "sales": "9729269695", "audience": "1202050", "open_date": "2016-04-13", "actors": [508, 509, 510, 511, 512, 47, 513, 514, 515, 516, 517, 518, 519, 520, 52, 521, 522, 523, 21, 524, 525, 526, 527, 528], "genres": [12], "score": "7.11", "summary": "1983년 1월 1일, 고등학교 교사 지환(조정석)은 같은 학교 동료이자 연인인 윤정(임수정)에게 청혼을 하던 중 강도를 만나 칼에 찔려 의식을 잃는다. 2015년 1월 1일, 강력계 형사 건우(이진욱) 역시 뒤쫓던 범인의 총에 맞아 쓰러진다. 30여 년의 간격을 두고 같은 날, 같은 시간, 같은 병원으로 실려간 지환과 건우는 생사를 오가는 상황에서 가까스로 살아나게 되고, 그 날 이후 두 사람은 꿈을 통해 서로의 일상을 보기 시작한다.  두 남자는 처음엔 믿지 않았지만, 서로가 다른 시간대에 실제 존재하는 사람이라는 것을 알게 된다. 건우는 꿈 속에서 본 지환의 약혼녀 윤정과 놀랍도록 닮은 소은(임수정)을 만나게 되면서 운명처럼 그녀에게 마음이 끌린다. 어느 날, 건우는 1980년대 미제 살인사건을 조사하던 중, 윤정이 30년 전에 살해 당했다는 기록을 발견하고, 사건을 파헤치기 시작한다. 지환 역시 건우를 통해 약혼녀 윤정이 곧 죽을 운명에 처해있다는 사실을 알게 된다. 두 남자는 윤정의 예정된 죽음을 막기 위해 시간을 뛰어넘는 추적을 함께 시작하는데...  서로 다른 시대, 하나의 살인사건  사랑하는 그녀를 구하기 위한 두 남자의 간절한 사투가 시작된다!   “사랑해. 내가 꼭 지켜줄게”", "poster_URL": "https://movie-phinf.pstatic.net/20160317_297/1458178138484vOfhJ_JPEG/movie_image.jpg"}}, {"pk": 40, "model": "actors.movie", "fields": {"code": "20145182", "title": "4등", "sales": "271768000", "audience": "36370", "open_date": "2016-04-13", "actors": [194, 529, 530, 370, 531, 39, 532, 533, 534, 535, 178, 536, 537, 538], "genres": [1], "score": "8.49", "summary": "1등만 기억하는 잔인한 세상, 당신에게 들려주고 싶은 이야기! “4등이 뭐, 나쁜 건가요?”  천재적인 재능을 가졌지만 대회만 나갔다 하면 4등을 벗어나지 못하는 수영 선수 '준호'  하지만 1등에 대한 집착을 버리지 못하는 ‘엄마’의 닦달에 새로운 수영 코치 ‘광수’를 만난다. 심드렁한 표정으로 '대회 1등은 물론, 대학까지 골라 가게 해주겠다'고 호언장담한 광수는 ‘엄마’에게 연습 기간 동안 수영장 출입금지 명령까지 내린다. 대회를 코앞에 두고도 연습은 커녕 항상 PC방 마우스나 소주잔을 손에 쥔 못 미더운 모습의 광수. 이래봬도 16년 전 아시아 신기록까지 달성한 국가대표 출신이다. 의심 반, 기대 반의 시간이 지나고, 드디어 수영 대회에 출전한 ‘준호’의 기록은 '거의' 1등! 1등과 0.02초 차이로 생에 첫 은메달을 목에 건다. 오랜만에 웃음소리가 떠나지 않는 ‘준호’네 집. 그런데 그때, 신이 난 동생 ‘기호’가 해맑게 질문을 던지는데...! “정말 맞고 하니까 잘 한 거야? 예전에는 안 맞아서 맨날 4등 했던 거야, 형?” 동생의 말에 시퍼렇게 질린 얼굴처럼 멍투성이인 열두 살 ‘준호’의 몸. ‘준호’는 좋아하는 수영을 계속할 수 있을까…?", "poster_URL": "https://movie-phinf.pstatic.net/20160324_251/1458800288290bkXJY_JPEG/movie_image.jpg"}}, {"pk": 42, "model": "actors.movie", "fields": {"code": "20142406", "title": "탐정 홍길동: 사라진 마을", "sales": "11514389845", "audience": "1430666", "open_date": "2016-05-04", "actors": [544, 545, 546, 547, 59, 548, 549, 550, 551, 215, 552, 500, 553, 554, 555, 340, 183, 549], "genres": [1, 6], "score": "7.75", "summary": "사건해결률 99%, 악당보다 더 악명 높은 탐정 홍길동에게는 20년간 찾지 못했던 단 한 사람이 있다. 그것은 바로 어머니를 죽인 원수 김병덕. 홍길동은 오랜 노력 끝에 드디어 그를 찾아내지만, 김병덕은 간발의 차로 누군가에게 납치되어 간 이후이고, 그의 집엔 두 손녀, 동이와 말순이만 덩그러니 남아 있다. 느닷없이 껌딱지처럼 들러 붙어 할아버지를 찾아달라는 두 자매를 데리고, 사라진 김병덕의 실마리를 쫓던 중, 홍길동은 대한민국을 집어 삼키려는 거대 조직 광은회의 실체를 마주하게 되는데....    기다렸던 복수의 순간, 성가시게 판이 커져버렸다!", "poster_URL": "https://movie-phinf.pstatic.net/20160512_132/1463043558461I0pL1_JPEG/movie_image.jpg"}}, {"pk": 43, "model": "actors.movie", "fields": {"code": "20162461", "title": "다이노X 탐험대", "sales": "639566900", "audience": "82826", "open_date": "2016-05-04", "actors": [556, 557], "genres": [7, 14], "score": "6.60", "summary": "세계 최초, 한반도에서 발견된 신공룡 '다이노X'의 비밀을 찾기 위해  고비사막으로 떠난 탐험대의 익사이팅 어드벤쳐!  한반도에서 최초로 발견된 온전한 형태의 미스터리 화석.  대한민국 제1호 공룡박사이자 세계적인 공룡 권위자 이융남 박사는 이를 '다이노X'라 이름 붙인다.  이융남 박사를 필두로 구성된 국제 공룡 탐사대는 1억년 전 한반도에서 살았던 미스터리 공룡 '다이노X'의 비밀을 찾기 위해 공룡화석의 보고로 불리는 광활한 고비사막으로 탐험을 떠나고, '다이노X 탐험대'는 서서히 '다이노X'의 실체와 마주하게 되는데...", "poster_URL": "https://movie-phinf.pstatic.net/20160426_249/1461648144462T2Hd1_JPEG/movie_image.jpg"}}, {"pk": 44, "model": "actors.movie", "fields": {"code": "20162704", "title": "극장판 안녕 자두야", "sales": "2127587700", "audience": "278990", "open_date": "2016-05-04", "actors": [558, 259, 559], "genres": [7], "score": "0.00", "summary": "안녕 자두야 스페셜 언더 더 씨! 바다에서 펼쳐지는 자두의 세가지 이야기. 하나, 별주부가 된 자두. 토끼잡으러 왔는데 토끼가 너무 착하다. 둘, 바다마녀의 마법실패! 그렇다면 인어자두의 선택은? 셋. 가족들과 휴양지로 떠났다가 무인도에 표류한다. 과연 무사히 탈출할 수 있을까?", "poster_URL": "https://movie-phinf.pstatic.net/20190118_170/1547778023255pcghN_JPEG/movie_image.jpg"}}, {"pk": 45, "model": "actors.movie", "fields": {"code": "20156559", "title": "계춘할망", "sales": "3574370348", "audience": "478870", "open_date": "2016-05-19", "actors": [560, 491, 561, 562, 563, 212, 564, 334, 519, 565, 436, 566, 567, 568, 569, 570, 571], "genres": [10, 1], "score": "8.78", "summary": "12년 만에 잃어버린 손녀를 기적적으로 찾은 해녀 계춘 손녀 혜지와 예전처럼 단둘이 제주도 집에서 함께 살면서 서로에게 적응해간다.  그러나, 아침부터 밤까지 오로지 손녀 생각만 가득한 계춘과 달리 도통 그 속을 알 수 없는 다 커버린 손녀 혜지. 어딘가 수상한 혜지에 대한 마을 사람들의 의심이 커져가는 가운데, 혜지는 서울로 미술경연대회를 갔다가 사라진다.  12년 만에 혜지가 할망을 찾아온 진짜 이유는 무엇일까? 할머니와 떨어져있던 시간 동안 혜지에게 무슨 일이 있었던 걸까?", "poster_URL": "https://movie-phinf.pstatic.net/20160415_82/1460685450026FBwPL_JPEG/movie_image.jpg"}}, {"pk": 46, "model": "actors.movie", "fields": {"code": "20140194", "title": "곡성", "sales": "55862590382", "audience": "6879769", "open_date": "2016-05-12", "actors": [60, 1, 572, 473, 573, 45, 574, 575, 576, 8, 198, 577, 577, 578, 579, 580, 581, 582, 583, 320, 584, 559, 585, 586, 587, 587, 588, 147], "genres": [13, 12, 1], "score": "7.61", "summary": "낯선 외지인(쿠니무라 준)이 나타난 후 벌어지는 의문의 연쇄 사건들로 마을이 발칵 뒤집힌다.  경찰은 집단 야생 버섯 중독으로 잠정적 결론을 내리지만  모든 사건의 원인이 그 외지인 때문이라는 소문과 의심이 걷잡을 수 없이 퍼져 나간다.   경찰 ‘종구’(곽도원)는 현장을 목격했다는 여인 ‘무명’(천우희)을 만나면서  외지인에 대한 소문을 확신하기 시작한다.  딸 ‘효진’(김환희)이 피해자들과 비슷한 증상으로 아파오기 시작하자 다급해진 ‘종구’.  외지인을 찾아 난동을 부리고, 무속인 ‘일광’(황정민)을 불러들이는데...", "poster_URL": "https://movie-phinf.pstatic.net/20160425_165/1461560165179gYQ0g_JPEG/movie_image.jpg"}}, {"pk": 47, "model": "actors.movie", "fields": {"code": "20143509", "title": "엽기적인 그녀 2", "sales": "593891900", "audience": "77047", "open_date": "2016-05-12", "actors": [589, 590, 228, 27, 427, 591, 592, 593, 594, 595, 596, 597, 598, 599, 600, 601, 602, 603, 604, 605, 606], "genres": [3, 5], "score": "2.82", "summary": "운명인 줄만 알았던 긴 생머리의 ‘그녀’(전지현)가 돌연 비구니가 되어 사라진 후, 실연+백수+돈, 3고에 시달리던 ‘견우’(차태현) 그에게 어린 시절 첫사랑이자, 중국으로 떠났던 ‘그녀’(빅토리아)가 나타났다!  그것도 더 살벌해지고, 더 엽기적인 모습으로.  “이래 가지고 나랑 어떻게 결혼할래?” 오직 견우와의 결혼을 위해 산 넘고 물 건너온 대륙의 외동딸, ‘그녀’!  “설마 결혼? 제가 잘못 들은 걸까요?” 꿈인지 생시인지 들어온 복을 얼른 움켜쥐는 보통 남자, 견우’!   그러나, 밤은 더 살벌하고, 낮은 더 엽기적인데..  예측불가! 새로운 ‘그녀’와 ‘견우’의 상상 못한 엽기적인 결혼! ‘견우’의 인생수난 여기서 끝날 수 있을까?", "poster_URL": "https://movie-phinf.pstatic.net/20160404_106/1459756252360Bza7m_JPEG/movie_image.jpg"}}, {"pk": 48, "model": "actors.movie", "fields": {"code": "20159645", "title": "특별수사: 사형수의 편지", "sales": "9929868065", "audience": "1241884", "open_date": "2016-06-16", "actors": [446, 74, 607, 608, 609, 610, 611, 612, 449, 613, 614, 90, 615, 102, 616, 617, 618, 619, 176, 250], "genres": [2, 1], "score": "8.30", "summary": "한때는 모범 경찰, 지금은 잘 나가는 브로커 ‘필재’(김명민). 끊이지 않는 사건 수임으로 ‘신이 내린 브로커’로 불리는 그와 브로커 모시며 일하는 변호사 ‘판수’(성동일)에게 어느 날, 사형수로부터 의문의 편지 한 통이 도착한다.  “대해제철 며느리 죽인 놈이네. 이런 사건은 근처에도 가면 안돼” 세간을 뒤흔든 인천의 재벌 ‘대해제철 며느리 살인사건’의 범인 ‘순태’(김상호)는 자신의 억울함을 주장하고, 사건 브로커 ‘필재’는 점점 커지는 사건의 배후가 있음을 직감한다.  권력과 돈으로 살인까지 덮어버린 재벌가의 만행을 밝히기 위해 브로커 ‘필재’와 변호사 ‘판수’ 아재콤비가 답답한 속을 뻥! 뚫어줄 특.별.수.사를 시작한다!", "poster_URL": "https://movie-phinf.pstatic.net/20160616_68/1466039997062rJ2kf_JPEG/movie_image.jpg"}}, {"pk": 49, "model": "actors.movie", "fields": {"code": "20155388", "title": "초인", "sales": "35573500", "audience": "4644", "open_date": "2016-05-05", "actors": [620, 621, 622, 623, 624, 55], "genres": [3], "score": "8.47", "summary": "\"최도현, 최수현... 이름이 비슷하네. 우리 진짜 운명인가?\"  학교에서 말썽을 부려 도서관에서 일하게 된 체조 선수 '도현’. 그 곳에서 매일 책을 빌리는 신비로운 소녀 '수현'을 만나게 되고, ‘수현’의 권유로 태어나 읽어 본 적 없던 책이란 것을 읽기 시작한다. 눈물까지 흘리며!   “진짜 책 속에는 길이 있냐?”  하늘을 나는 비행기를 보고, 한강 다리 위에서 소리를 지르며 점점 가까워지는 둘. ‘도현’은 ‘수현’에게 처음 느끼는 감정들이 생긴다. 설렘, 떨림, 두근거림! 그러나 갈팡질팡, 모르는 것 투성이인 '도현'과 '수현'은 아직 매 순간이 어렵기만 하다.", "poster_URL": "https://movie-phinf.pstatic.net/20160415_280/14606896448101puB3_JPEG/movie_image.jpg"}}, {"pk": 50, "model": "actors.movie", "fields": {"code": "20144444", "title": "아가씨", "sales": "35201276991", "audience": "4286473", "open_date": "2016-06-01", "actors": [625, 626, 627, 628, 629, 150, 449, 264, 579, 630, 631, 485, 178, 632, 238], "genres": [12, 1], "score": "7.11", "summary": "어릴 적 부모를 잃고 후견인 이모부(조진웅)의 엄격한 보호 아래 살아가는 귀족 아가씨(김민희). 그녀에게 백작이 추천한 새로운 하녀가 찾아온다. 매일 이모부의 서재에서 책을 읽는 것이 일상의 전부인 외로운 아가씨는 순박해 보이는 하녀에게 조금씩 의지하기 시작한다.   하지만 하녀의 정체는 유명한 여도둑의 딸로, 장물아비 손에서 자란 소매치기 고아 소녀 숙희(김태리). 막대한 재산을 상속받게 될 아가씨를 유혹하여 돈을 가로채겠다는 사기꾼 백작(하정우)의 제안을 받고 아가씨가 백작을 사랑하게 만들기 위해 하녀가 된 것. 드디어 백작이 등장하고, 백작과 숙희는 자신만의 방식으로 아가씨의 마음을 흔들기 시작하는데…   돈과 마음을 뺏기 위해 서로 속고 속이는 매혹적인 그들의 이야기가 시작된다!", "poster_URL": "https://movie-phinf.pstatic.net/20160523_204/14639851237601hEGQ_JPEG/movie_image.jpg"}}, {"pk": 51, "model": "actors.movie", "fields": {"code": "20159447", "title": "레나", "sales": "18093300", "audience": "2800", "open_date": "2016-05-26", "actors": [633, 634, 98, 635, 635, 199, 636, 248, 637, 638, 639, 605], "genres": [3, 1], "score": "7.81", "summary": "새로운 삶을 꿈꾸며 한국을 찾아온 레나는 시골에서 녹차 농사를 짓는 노총각 순구를 만난다. 레나는 자신을 진심으로 아껴주는 순구의 자상함에 서서히 마음을 열기 시작하고, 순구 역시 항상 밝은 미소를 보여주는 그녀에 대한 애정이 점점 커져간다.   하지만, 말할 수 없는 비밀을 간직한 레나는 늘 고마운 순구에게 미안함이 쌓여만 가고, 마음의 상처가 있는 순구는 레나가 시골 생활에 지쳐 불현듯 떠나 버릴까 불안해한다.  서로의 진심을 모른 채 그 둘 사이에는 오해만 점차 쌓여가는데…  따뜻한 봄날의 선물 같은 사랑이 찾아옵니다!", "poster_URL": "https://movie-phinf.pstatic.net/20160419_121/1461032801980o5Xyw_JPEG/movie_image.jpg"}}, {"pk": 52, "model": "actors.movie", "fields": {"code": "20158242", "title": "무서운 이야기 3 : 화성에서 온 소녀", "sales": "779870500", "audience": "97310", "open_date": "2016-06-01", "actors": [640, 641, 199, 642, 476, 475, 643, 644], "genres": [11], "score": "5.80", "summary": "머나먼 미래, 기계들이 지배한 행성에 불시착한 한 소녀  소녀는 기계에게 자신이 인간들을 피해 화성에서 이 곳으로 오게 된 이유를 알려주며  인간에 대한 공포의 기록을 하나씩 꺼내놓기 시작하는데..  과거의 이야기 _ 공포 설화 <여우골> “사람은 만물의 영장이 아닙니다.. 이를 테면 기생충이지요!” 과거를 마친 후 고향으로 내려가던 선비 이생(임슬옹).  갑작스레 나타난 도적떼에게 쫓겨 간신히 인적이 드문 외딴 마을로 도망치게 된 이생은 정체 불명의 여인과 노인이 기거하고 있는 집에서 하루 묵기로 한다. 하지만, 그가 머물게 된 곳은 바로 인간들은 살아서는 빠져나갈 수 없다는 여우골! 이생은 살기 위해 여우골을 벗어나려고 하는데.. 현재의 이야기_ 질주 괴담 <로드레이지> “사람 죽이는데.. 이유가 있나?” 한밤중 인적이 드문 고속도로를 달리고 있던 동근(박정민)과  수진(경수진) 앞에 나타난 수상한 덤프트럭.  계속해서 앞으로 끼어들며 길을 막는 덤프트럭에 화가 난 동근은  더욱 난폭하게 운전하며 추월을 시도한다. 하지만 덤프트럭은 끈질기게 쫓아오며 동근과 수진을 위협하는데.. 어두운 밤, 분노로 가득 찬 도로 위 브레이크 없는 공포의 질주가 시작된다! 미래의 이야기_ 인공지능 호러 <기계령> “우리..함께 할꺼야.. 영원히” 엄마 예선(홍은희)을 대신해 어린 아들 진구의 가장 친한 친구가 되어주는 인공지능 로봇 둔코,  10년이 넘도록 서로의 가장 소중한 친구였던 진구와 둔코는 영원히 함께하기로 약속한다. 그러던 어느 날, 둔코가 갑작스런 오류 증상을 보이며 진구에게 상처를 입히자 예선은 진구를 위해 몰래 둔코를 없애고 새 로봇을 구입한다. 하지만 새 로봇 역시 이상한 증세를 보이기 시작하고,  예선과 진구의 눈 앞에는 자꾸만 둔코가 나타나는데.. 지킬 수 없는 약속의 저주, 그 끝은 무엇일까?", "poster_URL": "https://movie-phinf.pstatic.net/20160517_223/1463466235482mTgbp_JPEG/movie_image.jpg"}}, {"pk": 53, "model": "actors.movie", "fields": {"code": "20150972", "title": "굿바이 싱글", "sales": "16912548195", "audience": "2108253", "open_date": "2016-06-29", "actors": [645, 361, 646, 647, 648, 208, 649, 650, 204, 651, 652, 653, 623, 654, 655, 656, 657, 658, 605, 378, 659, 491, 606, 660], "genres": [5, 1], "score": "8.09", "summary": "대한민국 대표 독거스타의 임신 스캔들!  이번엔 제대로 사고쳤다!   온갖 찌라시와 스캔들의 주인공인 톱스타 ‘주연’(김혜수)  그러나 점차 내려가는 인기와 남자친구의 공개적 배신에 충격을 받고,  영원한 내 편을 만들기 위해 대책 없는 계획에 돌입하게 되는데!   대표 독거스타의 임신 발표는 전국민 스캔들로 일이 커지고,  ‘주연’(김혜수)의 불알친구이자 스타일리스트인 ‘평구’(마동석)와 소속사 식구들이 안절부절하며 뒷수습에 동분서주 하는데…   통제불능 여배우! 그녀의 무모한 계획은 계속 될까?!", "poster_URL": "https://movie-phinf.pstatic.net/20160519_248/1463650220674Q7dRl_JPEG/movie_image.jpg"}}, {"pk": 54, "model": "actors.movie", "fields": {"code": "20155390", "title": "양치기들", "sales": "42897200", "audience": "5304", "open_date": "2016-06-02", "actors": [236, 661, 662, 274, 239, 212, 663, 110, 664, 502, 665, 666, 667, 668], "genres": [1, 2, 12], "score": "7.57", "summary": "한때 주목 받는 배우였으나, 지금은 역할대행업을 하며 간신히 생계를 유지하고 있는 완주. 어느 날 그는 죽은 피해자의 엄마라는 여인에게 살인사건의 가짜 목격자 역할을 의뢰 받게 된다. 망설이던 완주는 어마 어마한 보상금의 유혹에 목격자 역할대행을 수락하고  경찰을 찾아 완벽한 거짓 진술을 마친다.   그러나, 살인사건 뒤에 또 다른 진실이 있음을 알게 된 그는 자신이 큰 실수를 했음을 깨닫고  사건이 일어나던 날 죽은 피해자와 함께 있었던 ‘광석’과 ‘영민’을 찾아 가는데…", "poster_URL": "https://movie-phinf.pstatic.net/20160523_1/1463980096961J68HR_JPEG/movie_image.jpg"}}, {"pk": 55, "model": "actors.movie", "fields": {"code": "20163020", "title": "시선 사이", "sales": "11232200", "audience": "1411", "open_date": "2016-06-09", "actors": [669, 407, 670, 671, 622, 672, 673, 267, 674], "genres": [1], "score": "7.07", "summary": "<우리에겐 떡볶이를 먹을 권리가 있다>   “고작 떡볶이가 먹고 싶을 뿐인데!” 떡볶이를 좋아하는 지수. 학교 앞 분식집을 드나드는 낙으로 학교에 다니지만 성적향상을 위한 학교의 조치로 교문이 폐쇄되고, 지수의 욕망은 더욱 간절해지는데...  <과대망상자(들)>  “모르는 척 하고 싶겠지만, 당신도 감시 당하고 있어요” 우민은 해직교사 아버지의 죽음 이후 늘 누군가가 자신을 감시한다는 망상에 빠져있다. 어느 날 김박사라는 사람이 찾아와 거대 조직의 음모에 대해 알려주는데…  <소주와 아이스크림>   “나 부탁 하나만 들어주면 안될까?” 보험설계사 세아는 홀로 사는 언니를 만나기 위해 낯선 동네를 찾는다. 그 곳에서 거동이 불편한 아주머니를 만나 아이스크림을 사달라는 부탁을 받는데…", "poster_URL": "https://movie-phinf.pstatic.net/20160524_103/1464057576760xgUhB_JPEG/movie_image.jpg"}}, {"pk": 58, "model": "actors.movie", "fields": {"code": "20140704", "title": "비밀은 없다", "sales": "2014996239", "audience": "249137", "open_date": "2016-06-23", "actors": [685, 288, 686, 687, 688, 554, 340, 689, 690], "genres": [12], "score": "6.57", "summary": "국회입성을 노리는 신예 정치인 ‘종찬’(김주혁)과 그의 아내 ‘연홍’(손예진) 선거를 보름 앞둔 어느 날, 그들의 딸이 실종 된다.   갑작스럽게 사라진 딸의 행방을 찾기 위해 애를 쓰던 ‘연홍’은  딸의 실종에도 불구하고 선거에만 집중하는 ‘종찬’과 사건을 제대로 조사하지 않는 사람들에게 분노하고  누구도 믿을 수 없는 상황 속, 홀로 딸의 흔적을 쫓기 시작한다.   하지만 딸이 남긴 단서들을 집요하게 추적하던 ‘연홍’은 점차 드러나는 충격적 진실과 맞닥뜨리게 되는데..  유력한 후보, 사라진 딸, 15일간의 미스터리  선거 D-15, 딸이 사라졌다!", "poster_URL": "https://movie-phinf.pstatic.net/20160615_115/1465955073814y4eHA_JPEG/movie_image.jpg"}}, {"pk": 60, "model": "actors.movie", "fields": {"code": "20159644", "title": "봉이 김선달", "sales": "16216947642", "audience": "2049396", "open_date": "2016-07-06", "actors": [58, 252, 694, 5, 695, 696, 649, 697, 698, 699, 700, 701, 702, 320, 703], "genres": [4], "score": "7.71", "summary": "천재적 지략과 당대 최고의 뻔뻔함! 두둑한 배포에 수려한 외모까지 갖춘 희대의 천재사기꾼 김선달(유승호). 신출귀몰, 나타났다 하면 전설을 만들어 내는 김선달은 늘 인생 최고의 판을 기다린다. 그는 위장 전문 보원(고창석), 복채 강탈 전문 윤보살(라미란), 사기 꿈나무 견이(시우민)과 함께 온갖 기상천외한 사기 행각을 벌이며 조선 최고의 사기패로 조선 팔도에서 명성을 떨친다. 조선에서 가장 비싼 값에 거래된다는 담파고(담배) 탈취라는 새로운 판을 준비하던 그들은, 그 배후에 당대 최고의 권력가 성대련(조재현)이 있음을 알게 되고, 그를 속이기 위해 ‘주인 없는 대동강’을 미끼로 인생 최대의 판을 꾸미게 되는데… 조선 팔도를 뒤흔든 대동강 사기 한 판! 올 여름을 여는 초대형 사기극이 시작된다!", "poster_URL": "https://movie-phinf.pstatic.net/20160616_172/1466040138501VYf7a_JPEG/movie_image.jpg"}}, {"pk": 61, "model": "actors.movie", "fields": {"code": "20158821", "title": "삼례", "sales": "11121100", "audience": "1455", "open_date": "2016-06-23", "actors": [704, 515, 705], "genres": [1, 9], "score": "7.60", "summary": "신작 구상을 위해 삼례로 내려간 영화감독 '승우'는 그곳에서 나고 자란 소녀 '희인'과 우연히 만난다. '희인'의 신비로운 기운과 당돌한 매력에 호기심을 느낀 '승우'는 그녀와 함께 특별한 삼례 여정을 시작한다. 시간이 흐를수록 '승우'는 비밀을 품은 땅 삼례와 '희인'에 점점 빠져들며… 꿈과 현실을 넘나드는 기이한 영감에 이끌리기 시작하는데...", "poster_URL": "https://movie-phinf.pstatic.net/20160607_93/1465264093995Lwsz4_JPEG/movie_image.jpg"}}, {"pk": 62, "model": "actors.movie", "fields": {"code": "20154803", "title": "우리 연애의 이력", "sales": "10168000", "audience": "1314", "open_date": "2016-06-29", "actors": [706, 226, 651, 707, 653, 708, 709, 710, 711, 712, 713, 714, 715, 716, 439, 717, 719, 690, 659], "genres": [3], "score": "8.05", "summary": "화려한 재기를 꿈꾸는 여배우 ‘연이’와  영화 감독을 꿈꾸는 만년 조연출 ‘선재’는 짧은 사랑의 종지부를 찍는다.  하지만 성숙한 동료(?)이자 좋은 친구(?)로 관계를 유지하며 ‘충무로 쿨 커플’로 등극, 공동 시나리오 작업에 돌입한다.  드디어 두 사람이 함께 작업한 시나리오가 영화로 탄생할 수 있는 기회가 찾아 온 순간, 그들의 관계에 예상치 못한 큰 위기가 닥치게 되는데…  이별했지만 헤어지지 못한 ‘연이’와 ‘선재’의 관계,  그 끝은 해피엔딩이 될 수 있을까?", "poster_URL": "https://movie-phinf.pstatic.net/20160615_283/1465959787113VUYjP_JPEG/movie_image.jpg"}}, {"pk": 63, "model": "actors.movie", "fields": {"code": "20154906", "title": "사냥", "sales": "4910172015", "audience": "645580", "open_date": "2016-06-29", "actors": [720, 628, 721, 722, 723, 724, 690, 220], "genres": [6], "score": "6.15", "summary": "“그 날, 그 산에는 아무도 오르지 말았어야 했다”  대규모 탄광 붕괴 사고가 일어난 무진의 외딴 산.  이상한 것이 출몰한다는 소문 때문에 아무도 찾지 않는 그 곳에서 거대한 금맥이 발견된다.   금맥이 발견되었다는 정보를 은밀히 입수한 동근(조진웅)은 수상한 엽사들을 이끌고 산에 오른다. 인생 역전을 맞이한 기쁨도 잠시 땅주인 노파가 그들을 막아서고, 실랑이 끝에 노파가 절벽 아래로 떨어지고 만다.   한편 탄광 붕괴 사고의 유일한 생존자 기성(안성기)은 산사태 때문에 출입이 불가하다던 산에서 수상한 남자들을 발견하고 뒤쫓다 보지 말아야 할 것을 목격하고 만다. 이 때 사고로 잃은 동료의 딸 양순(한예리) 마저 우연히 산 속에 들어갔다 함께 쫓기게 된다.   금을 차지하려는 엽사 무리와 소중한 것을 지켜야 하는 사냥꾼, 출구 없는 산 속에서 목숨을 건 16시간의 추격이 시작된다!", "poster_URL": "https://movie-phinf.pstatic.net/20160602_46/1464829861941Wm56G_JPEG/movie_image.jpg"}}, {"pk": 64, "model": "actors.movie", "fields": {"code": "20165042", "title": "빅뱅 메이드", "sales": "464727700", "audience": "55227", "open_date": "2016-06-30", "actors": [725, 726, 727, 728, 729], "genres": [14], "score": "9.05", "summary": "가장 빅뱅다운 영화, < BIGBANG MADE >가 팬들을 찾아간다.  2015년 4월, 3년 만에 완전체로 컴백한 빅뱅 월드투어 “MADE (메이드)”는 전 세계 150만 팬들의 가슴에 깊은 울림을 남기며 화려한 막을 내렸다. 영화는 월드투어 MADE (메이드)의 시작부터 마지막까지, 총 340일 간의 여정을 밀착 다큐멘터리 형식으로 담고 있다.  빅뱅의 가장 빛나는 순간은, '빅뱅'다울 때가 아닐까? 그 찰나의 순간을 모아 만든 것이 이번 영화이다.  단 하나의 의도적 설정도 없이, 카메라는 빅뱅의 민 낯을 생생하게 포착한다. 그 결과, 프레임 안에는 아티스트인 그룹 빅뱅의 모습과 더불어 순수한 다섯 청년의 모습이 함께 담겨져 있다.   “우리는 모두 빅뱅이 되기 위해 태어난 사람들 같아요···” (멤버 인터뷰 중)  영화에는 [MADE] 콘서트 실황, 콘서트 및 M, A, D, E 앨범 비하인드 스토리, 비공개 에피소드는 물론 단 한 번도 공개되지 않았던 특급 인터뷰까지 포함되어 있다.  데뷔 10주년을 맞아 개봉하는 빅뱅의 첫 영화, < BIGBANG MADE >. 이 영화는 빅뱅의 모든 것, 그 이상을 보여주는 또 다른 결과물이다.", "poster_URL": "https://movie-phinf.pstatic.net/20160601_149/1464761534323YFYsI_JPEG/movie_image.jpg"}}, {"pk": 66, "model": "actors.movie", "fields": {"code": "20156564", "title": "부산행", "sales": "93169180048", "audience": "11564240", "open_date": "2016-07-20", "actors": [329, 131, 9, 730, 361, 731, 732, 36, 475, 13, 733, 734, 735, 736, 679, 110, 110, 737, 738, 739, 740, 741, 742, 743, 744, 745, 746, 747, 605, 410, 690, 185, 748], "genres": [6, 12], "score": "7.99", "summary": "정체불명의 바이러스가 전국으로 확산되고 대한민국 긴급재난경보령이 선포된 가운데, 열차에 몸을 실은 사람들은 단 하나의 안전한 도시 부산까지 살아가기 위한 치열한 사투를 벌이게 된다. 서울에서 부산까지의 거리 442KM 지키고 싶은, 지켜야만 하는 사람들의 극한의 사투!", "poster_URL": "https://movie-phinf.pstatic.net/20160720_9/1469001478520W9vSu_JPEG/movie_image.jpg"}}, {"pk": 67, "model": "actors.movie", "fields": {"code": "20158982", "title": "트릭", "sales": "293574300", "audience": "37763", "open_date": "2016-07-13", "actors": [749, 425, 368, 750, 751, 752, 753, 754, 755, 756, 559, 757, 758, 759], "genres": [12, 1], "score": "5.67", "summary": "사람을 미치게 하는 무서운 숫자 ‘시청률’... 드라마국 8.3%, 예능국 6.6%....  오늘도 TV 앞에 모인 사람들은  시한부 남편 도준과 그의 아내 영애를 보며 함께 웃고 눈물 흘린다. 방송이 끝난 후 또 한 번 시청률 1위를 기록하자 SNS와 온라인에서는 도준과 영애에 대한 기사와 가십으로 도배된다.  다음 날, PD 석진에게 도준은 돌연 촬영 중단을 선언한다. 점점 더 나빠지는 몸 상태를 더 이상 견딜 수 없었던 것 시청률에 미친 석진은 포기하지 않고,  방송에 중독된 영애에게 시청률 조작을 위한 거대한 프로젝트를 제안한다.  이후, 도둑 촬영과 악마의 편집으로 내보낸 방송은  역대급 시청률을 기록하면서 폭발적인 반응을 얻게 된다.  석진은 도준의 임종 장면을 촬영하기로 결심하고, 아무것도 모르는 도준과 영애는  마지막 방송 촬영이라는 석진의 부탁을 받고  여행을 떠나게 되는데…  당신이 몰랐던 카메라 뒤의 진실이 공개된다!", "poster_URL": "https://movie-phinf.pstatic.net/20160615_189/1465968772051ae1r9_JPEG/movie_image.jpg"}}, {"pk": 68, "model": "actors.movie", "fields": {"code": "20156250", "title": "인천상륙작전", "sales": "55080300103", "audience": "7045774", "open_date": "2016-07-27", "actors": [760, 761, 196, 762, 763, 764, 62, 33, 765, 608, 232, 766, 767, 768, 551, 769, 770, 771, 772, 773, 774], "genres": [8, 1], "score": "8.02", "summary": "1950년 6월 25일 북한의 기습 남침으로 불과 사흘 만에 서울 함락,  한 달 만에 낙동강 지역을 제외한 한반도 전 지역을 빼앗기게 된 대한민국.  국제연합군 최고사령관 ‘더글라스 맥아더’(리암 니슨)는 모두의 반대 속 인천상륙작전을 계획한다.  성공확률 5000:1, 불가능에 가까운 작전. 이를 가능케 하는 것은 단 하나, 인천으로 가는 길이 확보되어야 하는 것뿐이다.   맥아더의 지시로 대북 첩보작전 ‘X-RAY’에 투입된 해군 첩보부대 대위 ‘장학수’(이정재)는   북한군으로 위장 잠입해 인천 내 동태를 살피며 정보를 수집하기 시작한다. 하지만 인천 방어사령관 ‘림계진’(이범수)에 의해 정체가 발각되는 위기에 놓인 가운데   ‘장학수’와 그의 부대원들은 전세를 바꿀 단 한번의 기회, 단 하루의 작전을 위해  인천상륙 함대를 유도하는 위험천만한 임무에 나서는데...  역사를 바꾼 비밀 연합작전 그 시작은 바로 그들이었다!", "poster_URL": "https://movie-phinf.pstatic.net/20160715_16/1468568203431zYbBs_JPEG/movie_image.jpg"}}, {"pk": 70, "model": "actors.movie", "fields": {"code": "20150968", "title": "국가대표 2", "sales": "5465215042", "audience": "707315", "open_date": "2016-08-10", "actors": [779, 442, 780, 781, 134, 782, 783, 784, 785, 786, 787, 788, 789, 790, 791, 792, 793, 794, 555, 118, 795, 796, 797], "genres": [1], "score": "8.67", "summary": "유일무이 정통 아이스하키 선수 출신 에이스 ‘지원’ 자존심은 금메달 급, 현실은 쇼트트랙 강제퇴출 ‘채경’ 사는 게 심심한 아줌마, 빙판에선 열정의 프로 ‘영자’ 시간외 수당이 목표, 아이스하키 협회 경리 출신 ‘미란’ 취집으로 인생 반전 꿈꾸는 전직 피겨요정 ‘가연’ 주장급 멘탈 보유자, 최연소 국가대표 꿈나무 ‘소현’ 말만 번지르르, 주니어 아이스하키 우정상에 빛나는 국대 출신 감독 ‘대웅’ 이들이 뭉친 단 하나의 이유는 아오모리 동계 아시안게임 출전! 뭉치면 싸우고 흩어지면 출전불가! 모두가 불가능하다고 믿었던 이들의 뜨거운 도전이 시작된다!", "poster_URL": "https://movie-phinf.pstatic.net/20160810_259/1470790761456d04zP_JPEG/movie_image.jpg"}}, {"pk": 71, "model": "actors.movie", "fields": {"code": "20150979", "title": "덕혜옹주", "sales": "44372408609", "audience": "5594965", "open_date": "2016-08-03", "actors": [685, 798, 374, 5, 799, 611, 189, 800, 801, 802, 264, 24, 29, 131, 803, 804, 805, 806, 298, 807, 808, 318, 809, 599, 439, 810, 811, 812, 813, 814, 815, 816, 817, 818], "genres": [4, 1], "score": "8.35", "summary": "일제는 만 13세의 어린 덕혜옹주를 강제 일본 유학길에 오르게 한다.  매일같이 고국 땅을 그리워하며 살아가던 덕혜옹주 앞에  어린 시절 친구로 지냈던 장한(박해일)이 나타나고,  영친왕 망명작전에 휘말리고 마는데...", "poster_URL": "https://movie-phinf.pstatic.net/20160805_159/1470378561223pYzbp_JPEG/movie_image.jpg"}}, {"pk": 72, "model": "actors.movie", "fields": {"code": "20165961", "title": "슈퍼 프렌즈", "sales": "633841000", "audience": "84304", "open_date": "2016-08-10", "actors": [819, 820, 821, 822, 823, 824, 825, 826, 827, 828], "genres": [7], "score": "8.72", "summary": "미래 도시 최고의 로봇 천재 ‘샘’과 그가 발명한 괴짜 로봇들 ‘손오공’, ‘사오정’, ‘저팔계’  매일 사고를 몰고 다니던 그들은 어느 날, 도시를 파괴하려는  슈퍼 악당 오스카의 음모에 휘말리게 되고 얼떨결에 도시 구출 작전에 뛰어들게 되는데…  허당 로봇 프렌즈의 예측불허 대활약이 펼쳐진다!", "poster_URL": "https://movie-phinf.pstatic.net/20160726_141/1469497248389Erqlk_JPEG/movie_image.jpg"}}, {"pk": 73, "model": "actors.movie", "fields": {"code": "20154910", "title": "터널", "sales": "57527474417", "audience": "7120241", "open_date": "2016-08-10", "actors": [627, 829, 442, 239, 830, 831, 581, 85, 115, 340, 832, 833, 774, 834, 690, 352], "genres": [1], "score": "8.37", "summary": "자동차 영업대리점의 과장 정수(하정우), 큰 계약 건을 앞두고 들뜬 기분으로 집으로 가던 중 갑자기 무너져 내린 터널 안에 홀로 갇히고 만다. 눈에 보이는 것은 거대한 콘크리트 잔해뿐. 그가 가진 것은 78% 남은 배터리의 휴대폰과 생수 두 병, 그리고 딸의 생일 케이크가 전부다.  구조대는 오늘도 터널 안으로 들어오지 못했다.  대형 터널 붕괴 사고 소식에 대한민국이 들썩이고 정부는 긴급하게 사고 대책반을 꾸린다. 사고 대책반의 구조대장 대경(오달수)은 꽉 막혀버린 터널에 진입하기 위해 여러 가지 시도를 해보지만 구조는 더디게만 진행된다. 한편, 정수의 아내 세현(배두나)은 정수가 유일하게 들을 수 있는 라디오를 통해  남편에게 희망을 전하며 그의 무사생환에 대한 희망을 버리지 않는다.  지지부진한 구조 작업은 결국 인근 제2터널 완공에 큰 차질을 주게 되고, 정수의 생존과 구조를 두고 여론이 분열되기 시작한다.", "poster_URL": "https://movie-phinf.pstatic.net/20160801_255/1470026857430Xg6aK_JPEG/movie_image.jpg"}}, {"pk": 75, "model": "actors.movie", "fields": {"code": "20148460", "title": "서울역", "sales": "1144395162", "audience": "144561", "open_date": "2016-08-17", "actors": [838, 207, 839, 737, 737, 737, 737, 840, 841, 741, 340, 340, 842, 843], "genres": [7], "score": "3.67", "summary": "대한민국의 사회, 역사, 시대를 관통하는 서울역 어느 날, 치유가 불가능한 상태의 노숙자가 비틀거리는 가운데 집을 나온 소녀(심은경)와 남자친구(이준), 그리고 딸을 찾는 아버지(류승룡)가 이 곳에 함께 한다.  이윽고 서울역을 시작으로 이상 바이러스가 퍼지기 시작하고,  서울은 삽시간에 통제불능 상태가 되는데…  2016년 여름, 대한민국을 뜨겁게 달군  전대미문 재난의 시작이 밝혀진다!", "poster_URL": "https://movie-phinf.pstatic.net/20160818_252/1471487509160C87gg_JPEG/movie_image.jpg"}}, {"pk": 76, "model": "actors.movie", "fields": {"code": "20163098", "title": "카이: 거울 호수의 전설", "sales": "141376000", "audience": "18576", "open_date": "2016-08-17", "actors": [844, 845, 846, 847, 848, 841, 849], "genres": [7], "score": "7.80", "summary": "어느 날, ‘카이’가 살고 있는 평화로운 마을이 눈의 여왕 ‘하탄’의 마법에 걸려 얼음으로 뒤덮인다. 마을의 수호신인 강의 정령은 용감한 소년 ‘카이’에게 ‘하탄’에게 맞설 수 있는 유일한 열쇠인 영혼의 구슬을 건네며 위기에 빠진 마을을 구해달라고 부탁한다. ‘카이’에게 주어진 시간은 단 3일!   마을을 지키기 위한 ‘카이’와 숲 속 친구들의 흥미진진한 모험이 시작된다!", "poster_URL": "https://movie-phinf.pstatic.net/20160817_201/1471400701259VCvR4_JPEG/movie_image.jpg"}}, {"pk": 78, "model": "actors.movie", "fields": {"code": "20155321", "title": "최악의 하루", "sales": "624445590", "audience": "78783", "open_date": "2016-08-25", "actors": [721, 855, 722, 167, 119, 710], "genres": [3], "score": "7.82", "summary": "늦여름 서촌의 어느 날,  배우 지망생 은희(한예리)는  연기 수업을 마치고 나오는 길에  길을 찾는 일본인 소설가 료헤이(이와세 료)를 만난다.  말은 잘 안 통하지만 이상하게 대화가 이어지는 료헤이와 헤어진 후   은희는 드라마에 출연 중인 남자친구 현오(권율)를 만나러 촬영지인 남산으로 향한다.    그리고 같은 시간, 한 때 은희와 잠깐 만났던 적이 있는 남자 운철(이희준)은   은희가 남산에서 올린 트위터 멘션을 보고 은희를 찾아 남산으로 온다.   오늘 처음 본 남자, 지금 만나는 남자 그리고 전에 만났던 남자까지 하루에 세 명의 남자를 만나게 된 은희.  과연 이 하루의 끝은 해피엔딩일 수 있을까?", "poster_URL": "https://movie-phinf.pstatic.net/20160712_61/1468283187882s0unW_JPEG/movie_image.jpg"}}, {"pk": 79, "model": "actors.movie", "fields": {"code": "20150901", "title": "올레", "sales": "517710400", "audience": "66127", "open_date": "2016-08-25", "actors": [856, 857, 97, 858, 859, 860, 861, 862], "genres": [1, 5], "score": "7.42", "summary": "잘나가는 대기업 과장? 중필(신하균) “먹여 살릴 처자식 없다고 명퇴 1순위가 말이 돼?” 잘 나가는 변호사?를 꿈꾸는 수탁(박희순) “13년 동안 고시 공부 안 해봤으면 말을 말아.” 잘 나가는 방송국 간판 아나운서? 은동(오만석) “내가 부럽냐? 나 말야… 됐다. 말해서 뭐해.” 다 때려 치고 싶은 순간 제주도에서 연락이 왔다! 빨간 스포츠카, 자연산 다금바리 한 접시, 그리고 럭셔리 호텔이 아니라 게하?? 인생의 쉼표가 필요할 때 제주도에서 뜻밖의 일탈이 시작된다!  올~레!!", "poster_URL": "https://movie-phinf.pstatic.net/20160719_156/1468890578487hDfSk_JPEG/movie_image.jpg"}}, {"pk": 80, "model": "actors.movie", "fields": {"code": "20150970", "title": "범죄의 여왕", "sales": "318429700", "audience": "40447", "open_date": "2016-08-25", "actors": [653, 863, 185, 864, 865, 866, 867, 868, 869, 869, 870, 871, 872, 873, 874, 875, 290, 378, 659, 674], "genres": [12, 5], "score": "8.60", "summary": "이    름: 양미경 직    업: 미용실(야매 불법시술전문) 운영 가족관계: 금쪽 같은 아들 하나 성    격: 프로급 오지라퍼, 다~ 내 자식 같은 친화력 특    기: 넘사벽 '촉', 아줌마 파워 신    조: 아들을 위해서라면 쪽팔릴 것도, 못할 것도 없다!  아들이 사는 고시원에서 수도요금이 120만원이나 나오자 이를 해결하기 위해 나섰다가, 이보다 더 큰 사건이 있음을 감지하고 미경의 남다른 '촉'이 발동하는데...", "poster_URL": "https://movie-phinf.pstatic.net/20160802_108/1470105088001ljE3h_JPEG/movie_image.jpg"}}, {"pk": 81, "model": "actors.movie", "fields": {"code": "20166127", "title": "그랜드파더", "sales": "230292600", "audience": "31019", "open_date": "2016-08-31", "actors": [546, 876, 511, 877, 878, 879, 756, 119, 880], "genres": [6, 1], "score": "7.31", "summary": "베트남전 참전용사인 기광(박근형 분)은 공장에서 출퇴근  버스를 운전하며 살고 있다. 어느 저녁, 오랫동안 연락이 끊겼던 아들의 자살 소식을 들은 기광은 장례식장에서 까만 눈을 낯설게 반짝이는 손녀, 보람(고보결 분)을 만난다.  “니 아빠는 자살하지 않았다” 아들의 갑작스런 죽음이 석연치 않음을 직감한 기광은 얼음처럼 차갑기만 한 손녀에게 아빠가 자살로 죽지 않았음을 밝혀주기 위해 안간힘을 쓴다. 결정적인 단서를 얻게 되는 기광,  그러나 진실에 다가갈수록 슬픔은 분노로 바뀌는데… 남은 생을 걸고서라도 지켜줘야 할 단 한 사람을 위해 목숨을 건 사투를 준비한다.", "poster_URL": "https://movie-phinf.pstatic.net/20160801_180/147002584463972JVn_JPEG/movie_image.jpg"}}, {"pk": 82, "model": "actors.movie", "fields": {"code": "20159648", "title": "고산자, 대동여지도", "sales": "7793236258", "audience": "972823", "open_date": "2016-09-07", "actors": [730, 881, 882, 4, 883, 884, 885, 886, 887, 239, 888, 889, 890, 891, 892, 708, 893, 581, 894, 895, 896, 897, 898, 899, 900, 901, 902, 85, 903, 904, 905, 906, 907, 908, 742, 909, 910, 911, 912, 913, 914, 915, 916, 183, 817, 570], "genres": [4], "score": "7.22", "summary": "지도가 곧 권력이자 목숨이었던 시대,  조선의 진짜 지도를 만들기 위해 두 발로 전국 팔도를 누빈 ‘고산자(古山子) 김정호’. 하나뿐인 딸 ‘순실’이 어느새 열여섯 나이가 되는지도 잊은 채   지도에 미친 사람이라는 손가락질에도 아랑곳 않고 오로지 지도에 몰두한다.  나라가 독점한 지도를 백성들과 나누고자 하는 일념 하나로 대동여지도의 완성과 목판 제작에 혼신을 다하는 김정호.  하지만 안동 김씨 문중과 대립각을 세우던 흥선대원군은  김정호의 대동여지도를 손에 넣어 권력을 장악하려고 하는데… 역사로 기록되지 못한 고산자 김정호의 감춰진 이야기가 시작된다", "poster_URL": "https://movie-phinf.pstatic.net/20160830_267/1472533825556VNMmB_JPEG/movie_image.jpg"}}, {"pk": 83, "model": "actors.movie", "fields": {"code": "20159646", "title": "밀정", "sales": "61261880331", "audience": "7498938", "open_date": "2016-09-07", "actors": [917, 329, 918, 919, 920, 921, 922, 13, 923, 923, 924, 924, 925, 926, 112, 927, 115, 340, 928, 439, 929, 930, 931, 71, 460, 490, 932, 933], "genres": [6], "score": "8.42", "summary": "1920년대 일제강점기.  조선인 출신 일본경찰 이정출(송강호)은 무장독립운동 단체 의열단의 뒤를 캐라는 특명으로  의열단의 리더 김우진(공유)에게 접근하고, 한 시대의 양 극단에 서 있는 두 사람은  서로의 정체와 의도를 알면서도 속내를 감춘 채 가까워진다.  출처를 알 수 없는 정보가 쌍방간에 새어나가고 누가 밀정인지 알 수 없는 가운데,  의열단은 일제의 주요 시설을 파괴할 폭탄을 경성으로 들여오기 위해,  그리고 일본 경찰은 그들을 쫓아 모두 상해에 모인다.   잡아야만 하는 자들과 잡힐 수 없는 자들 사이,  자신의 목표를 위해 서로를 이용하려는 암투와 회유,  교란 작전이 숨가쁘게 펼쳐지는 긴장감 속에서  폭탄을 실은 열차는 국경을 넘어 경성으로 향하는데…", "poster_URL": "https://movie-phinf.pstatic.net/20160823_114/1471936485192cjjcD_JPEG/movie_image.jpg"}}, {"pk": 84, "model": "actors.movie", "fields": {"code": "20166541", "title": "달빛궁궐", "sales": "1137771000", "audience": "151457", "open_date": "2016-09-07", "actors": [127, 205, 722, 134, 852, 934, 935, 936, 937, 938, 939, 940, 941, 637], "genres": [7, 9, 15], "score": "6.44", "summary": "우연히 창덕궁 속 환상의 세계 ‘달빛궁궐’로 들어가게 된 열세살 소녀 ‘현주리’(김서영).\r 그곳에서 사고뭉치 ‘다람이’(김슬기)와 훈남무사 ‘원’(권율)을 만난 현주리는\r 집으로 돌아가기 위해 길을 찾아 나서지만,\r 시간을 움직이는 자격루의 열쇠를 차지해 달빛궁궐을 지배하려는\r ‘매화부인’(이하늬)의 계략으로 모두 위험에 빠지는데…\r 과연 현주리는 위기에 빠진 달빛궁궐을 구하고 집으로 돌아갈 수 있을까?", "poster_URL": "https://movie-phinf.pstatic.net/20160811_235/1470898303521QF8Tr_JPEG/movie_image.jpg"}}, {"pk": 86, "model": "actors.movie", "fields": {"code": "20160041", "title": "인천상륙작전 : 익스텐디드 에디션(확장판)", "sales": "198704700", "audience": "23857", "open_date": "2016-09-13", "actors": [760, 761, 196, 762, 763, 764, 62, 33, 765, 608, 232, 766], "genres": [8, 1], "score": "6.73", "summary": "1950년 6월 25일 북한의 기습 남침으로 불과 사흘 만에 서울 함락,   한 달 만에 낙동강 지역을 제외한 한반도 전 지역을 빼앗기게 된 대한민국.   국제연합군 최고사령관 ‘더글라스 맥아더’(리암 니슨)는 모두의 반대 속 인천상륙작전을 계획한다.   성공확률 5000:1, 불가능에 가까운 작전.  이를 가능케 하는 것은 단 하나, 인천으로 가는 길이 확보되어야 하는 것뿐이다.     맥아더의 지시로 대북 첩보작전 ‘X-RAY’에 투입된 해군 첩보부대 대위 ‘장학수’(이정재)는   북한군으로 위장 잠입해 인천 내 동태를 살피며 정보를 수집하기 시작한다.  하지만 인천 방어사령관 ‘림계진’(이범수)에 의해 정체가 발각되는 위기에 놓인 가운데   ‘장학수’와 그의 부대원들은 전세를 바꿀 단 한번의 기회, 단 하루의 작전을 위해   인천상륙 함대를 유도하는 위험천만한 임무에 나서는데...    역사를 바꾼 비밀 연합작전  그 시작은 바로 그들이었다!", "poster_URL": "https://movie-phinf.pstatic.net/20160912_15/1473658793869nhh4d_JPEG/movie_image.jpg"}}, {"pk": 88, "model": "actors.movie", "fields": {"code": "20162022", "title": "대결", "sales": "251176500", "audience": "32278", "open_date": "2016-09-22", "actors": [968, 969, 749, 970, 971, 972, 973, 974, 975, 976, 977, 978, 979, 980, 981, 982], "genres": [6], "score": "5.79", "summary": "“세상이 나쁜 놈 천진데 내가 무슨 갱생이 돼?” 취직은 진작에 포기한 달관력 99.9%의 취준생 풍호(이주승)는 리얼맞짱게임으로 용돈벌이나 하는 재미가 쏠쏠하다. 그러나 의협심 100%를 탑재한 형사 강호(이정진)는 동생 풍호가 한심할 따름이다. 현피에 의한 살인사건을 수사하던 강호는 뜻밖의 제안을 받고 현장으로 출동하지만 상대의 잔인한 수법에 속절없이 당하고 만다.  “어쩔 수 없어, 있는 놈이 계속 이기게 되어 있어.” 형의 복수를 위해 범인을 쫓던 풍호는 겉모습은 게임회사 CEO이지만 실상은 승부에 미친 게임중독자 한재희(오지호)를 찾아내고, 형을 대신한 복수의 한방을 준비하는데…", "poster_URL": "https://movie-phinf.pstatic.net/20160906_205/1473144146441x9Pkq_JPEG/movie_image.jpg"}}, {"pk": 89, "model": "actors.movie", "fields": {"code": "20153443", "title": "아수라", "sales": "20566374662", "audience": "2592554", "open_date": "2016-09-28", "actors": [40, 164, 1, 983, 60, 32, 6, 239, 984, 985, 986, 374, 987, 988, 90, 989, 990, 991, 85, 72, 992, 86, 993, 994, 916, 995], "genres": [2, 6], "score": "6.81", "summary": "강력계 형사 한도경(정우성)은 이권과 성공을 위해 각종 범죄를 저지르는  악덕시장 박성배(황정민)의 뒷일을 처리해주는 대가로 돈을 받는다. 악에 계속 노출되는 사이,  말기 암 환자인 아내의 병원비를 핑계로 돈 되는 건 뭐든 하는 악인의 길로 들어서게 된 한도경.  그의 약점을 쥔 독종 검사 김차인(곽도원)과 검찰수사관 도창학(정만식)은  그를 협박하고 이용해 박성배의 비리와 범죄 혐의를 캐려 한다.  각자의 이익과 목적을 위해 한도경의 목을 짓누르는 검찰과 박성배.  그 사이 태풍의 눈처럼 되어 버린 한도경은, 자신을 친형처럼 따르는 후배 형사 문선모(주지훈)를  박성배의 수하로 들여보내고, 살아남기 위해 혈안이 된 나쁜 놈들 사이에서 서로 물지 않으면 물리는 지옥도가 펼쳐진다.", "poster_URL": "https://movie-phinf.pstatic.net/20160819_21/1471568371621ENt4D_JPEG/movie_image.jpg"}}, {"pk": 90, "model": "actors.movie", "fields": {"code": "20163041", "title": "자백", "sales": "1106077200", "audience": "140807", "open_date": "2016-10-13", "actors": [996], "genres": [14], "score": "9.30", "summary": "2012년 탈북한 화교 출신의 서울시 공무원 유우성씨가 국정원에 의해 간첩으로 내몰린다. 국정원이 내놓은 명백한 증거는 동생의 증언 ‘자백’이었다. 북쪽 나라의 괴물과 싸워온 전사들, 대한민국 국가권력의 심장부 국정원. 그런데 만약 그들이 거짓말을 하고 있다면? 의심을 품은 한 언론인 ‘최승호’ 피디가 움직였고, 2015년 10월 대법원은 유우성씨의 국가보안법 위반 혐의에 대해 무죄를 선고한다. 이것이 바로 ‘서울시공무원간첩조작사건’이다. 하지만 단지 이 사건만이었을까? 한국, 중국, 일본, 태국을 넘나드는 40개월간의 추적 끝에 스파이 조작 사건의 실체가 드러나는데… 믿을 수 없겠지만, 이것은 모두, 대한민국에서 지금 일어나고 있는, 실화다!", "poster_URL": "https://movie-phinf.pstatic.net/20161004_45/1475545337972XDyUi_JPEG/movie_image.jpg"}}, {"pk": 91, "model": "actors.movie", "fields": {"code": "20152369", "title": "나홀로 휴가", "sales": "60035700", "audience": "7874", "open_date": "2016-09-22", "actors": [612, 997, 46, 998, 252, 992, 954, 299, 999, 1000, 908, 1001, 1002, 147], "genres": [3], "score": "5.91", "summary": "소문난 모범 가장 ‘강재’의 취미는 사진찍기다. 나 홀로 취미인 탓에 아내는 때때로 불만을 토로하지만, 출사 여행은 그녀가 남편에게 허락한 건실함에 대한 작은 보상이다.  오늘도 강재는 홀로 제주도로 떠나왔다. 꽃, 바다, 해녀들을 카메라에 담는 것도 잠시, 그의 카메라 렌즈가 단란해 보이는 한 가족을 좇고 있다. 불쑥, 클로즈업되는 아름다운 여자의 얼굴. 강재가 10년 전에 놓친 사랑 ‘시연’이다. 강재는 그녀를 잊지 못해 지금까지 쭉 그녀 주위를 맴돌며 몰래 바라보고 있었던 것.   그러던 어느 날, 시연이 며칠째 직장과 집에서 보이지 않는다. 그녀의 묘연한 행방에 불안해진 강재는 기어코 그녀의 집을 찾아가 초인종을 누르고 마는데…   10년을 하루처럼 옛사랑을 맴돈 한 남자의  지긋지긋한 사랑 혹은 지고지순한 집착의 시작과 끝. 그 찬란하고 애틋한 기억을 만난다!", "poster_URL": "https://movie-phinf.pstatic.net/20160926_83/1474855142552jvJGB_JPEG/movie_image.jpg"}}, {"pk": 92, "model": "actors.movie", "fields": {"code": "20153444", "title": "럭키", "sales": "56436758256", "audience": "6974115", "open_date": "2016-10-13", "actors": [1003, 839, 61, 1004, 706, 1005, 890, 1006, 1007, 908, 1008, 1009, 1010, 817, 460, 1011], "genres": [5], "score": "8.45", "summary": "냉혹한 킬러 형욱(유해진)은 사건 처리 후 우연히 들른  목욕탕에서 비누를 밟고 넘어져 과거의 기억을 잃게 된다.  인기도, 삶의 의욕도 없어 죽기로 결심한 무명배우 재성(이준)은 신변 정리를 위해 들른 목욕탕에서  그런 형욱을 보게 되고, 자신과 그의 목욕탕 키를 바꿔 도망친다.   이후 형욱은 자신이 재성이라고 생각한 채, 배우로 성공하기 위해 노력하는데…  인생에 단 한번 찾아온 초대형 기회! 초특급 반전! 이것이 LUCK.KEY다!", "poster_URL": "https://movie-phinf.pstatic.net/20160920_197/1474334630845OPmlV_JPEG/movie_image.jpg"}}, {"pk": 94, "model": "actors.movie", "fields": {"code": "20162969", "title": "물숨", "sales": "46879700", "audience": "6110", "open_date": "2016-09-29", "actors": [1014], "genres": [14], "score": "9.07", "summary": "내 고향 제주에는 살기 위해 숨을 멈춰야만 하는 여인들이 있다.  맨몸으로 바다에 뛰어드는 우도의 해녀들이 온종일 숨을 참은 대가는 이승의 밥이 되고,  남편의 술이 되고, 자식들의 공책과 연필이 되었다. 하지만 해녀들은 안다.  욕심에 사로잡히는 순간 바다는 무덤으로 변하고, 욕망을 다스리면 아낌 없이 주는 어머니의 품이 된다는 것을…  삶이라는 거친 파도를 넘으며 바다와 함께 울고 웃었던  해녀들에게서 배우는 명쾌한 ‘숨’의 한 수!", "poster_URL": "https://movie-phinf.pstatic.net/20160907_160/1473230368413epnD2_JPEG/movie_image.jpg"}}, {"pk": 95, "model": "actors.movie", "fields": {"code": "20161589", "title": "죽여주는 여자", "sales": "849885300", "audience": "115277", "open_date": "2016-10-06", "actors": [560, 1015, 1016, 1017, 1018, 1019, 690, 352], "genres": [1], "score": "8.69", "summary": "종로 일대에서 노인들을 상대하며 근근이 살아가는 65세의 ‘박카스 할머니’ 소영. 노인들 사이에서는 ‘죽여주게 잘 하는’ 여자로 입 소문을 얻으며 박카스들 중에서 가장 인기가 높다. 트랜스젠더인 집주인 티나, 장애를 가진 가난한 성인 피규어 작가 도훈, 성병 치료 차 들른 병원에서 만나 무작정 데려온 코피노 소년 민호 등 이웃들과 함께 힘들지만 평화로운 나날을 보내던 중, 한 때 자신의 단골 고객이자, 뇌졸중으로 쓰러진 송노인으로부터 자신을 죽여달라는 간절한 부탁을 받고 죄책감과 연민 사이에서 갈등하다 그를 진짜 '죽여주게' 된다. 그 일을 계기로 사는 게 힘들어 죽고 싶은 고객들의 부탁이 이어지고, 소영은 더 깊은 혼란 속에 빠지게 된다.", "poster_URL": "https://movie-phinf.pstatic.net/20160825_249/1472101047700ksnwC_JPEG/movie_image.jpg"}}, {"pk": 96, "model": "actors.movie", "fields": {"code": "20167867", "title": "그물", "sales": "420676800", "audience": "55797", "open_date": "2016-10-06", "actors": [1020, 1021, 1022, 1023, 1024, 1025, 436, 1026, 322, 78, 1027, 599, 344], "genres": [1], "score": "7.53", "summary": "배가 그물에 걸려 홀로 남북의 경계선을 넘게 된 북한 어부 ‘철우’ 남측 정보요원들은 철우를 수상히 여겨 감시하기 시작하는데…  북에 남겨진 가족에게 돌아가기 위해 남한에서 견뎌야만 했던 치열한 일주일. 그는 무사히 가족의 품으로 돌아갈 수 있을까?", "poster_URL": "https://movie-phinf.pstatic.net/20160912_143/1473671699453zoplz_JPEG/movie_image.jpg"}}, {"pk": 98, "model": "actors.movie", "fields": {"code": "20162541", "title": "춘몽", "sales": "108578700", "audience": "13631", "open_date": "2016-10-13", "actors": [721, 564, 1028, 1029, 1030, 133, 36, 368, 18, 1031, 1032, 1033, 1034, 1035, 1036, 1037, 1038, 1039, 18, 1040, 1041, 1042, 1043, 1044, 1045, 1046, 1047], "genres": [1], "score": "8.00", "summary": "시장을 어슬렁거리며 농담 따먹기나 하는 한물간 건달 익준 밀린 월급도 받지 못하고 공장에서 쫓겨난 정범 어리버리한 집주인 아들, 어설픈 금수저 종빈 그리고 이들이 모두 좋아하고 아끼는 예리가 있다. 병든 아버지를 돌보는 예리가 운영하는 ‘고향주막’은 그들의 유일한 안식처이자 오아시스다. 그러던 어느 날, 언제나 그들만의 여신이라고 생각했던 예리의 고향주막에  새로운 남자가 나타났다.", "poster_URL": "https://movie-phinf.pstatic.net/20161011_210/1476170267660NyYdn_JPEG/movie_image.jpg"}}, {"pk": 99, "model": "actors.movie", "fields": {"code": "20151022", "title": "걷기왕", "sales": "673032475", "audience": "88961", "open_date": "2016-10-20", "actors": [207, 671, 373, 864, 1048, 1049, 1050, 1051, 1052, 1053, 1054, 1055, 1056, 1057, 1058, 1059, 1060, 386, 1061, 1062, 1063, 1064, 1047, 378], "genres": [1], "score": "7.74", "summary": "그녀 나이 4살에 발견된 선천적 멀미증후군으로 세상의 모든 교통수단을 탈 수 없는 만복(심은경)은\r 오직 두 다리만으로 왕복 4시간 거리의 학교까지 걸어 다니는 씩씩한 여고생. \r 무조건 빨리, 무조건 열심히! 꿈과 열정을 강요당하는 현실이지만\r 뭐든 적당히 하며 살고 싶은 그녀의 삶에, 어느 날 뜻밖의 ‘경보’가 울리기 시작한다!\r 걷는 것 하나는 자신 있던 만복의 놀라운 통학 시간에 감탄한 담임 선생님의 추천으로\r 그녀에게 딱 맞는 운동 ‘경보’를 시작하게 된 것. \r \r 공부는 싫고, 왠지 운동은 쉬울 것 같아 시작했는데 뛰지도 걷지도 못한다니!\r 과연 세상 귀찮은 천하태평 만복은 ‘경보’를 통해 새로운 자신을 만날 수 있을까?", "poster_URL": "https://movie-phinf.pstatic.net/20160930_6/1475222961542h6jXi_JPEG/movie_image.jpg"}}, {"pk": 101, "model": "actors.movie", "fields": {"code": "20150564", "title": "혼숨", "sales": "2243821945", "audience": "286147", "open_date": "2016-10-26", "actors": [494, 863, 1068, 1069, 1070, 584, 1071], "genres": [11], "score": "7.41", "summary": "아프리카TV에서 공포 방송을 진행하는 BJ 야광(류덕환 분)과 박PD(조복래 분). 레전드 방송을 위해 더욱 자극적이고 위험한 공포 소재를 찾아 다니던 그들에게 실종된 여고생의 ‘혼숨’ 영상이 제보된다.  귀신을 불러내어 숨바꼭질을 한다는 ‘혼숨’ 영상 속에서 광기 어린 모습으로 변해가는 여고생. 특종 냄새를 맡은 그들은 사라진 여고생을 추적하는 생방송을 시작하게 되는데...  절대 따라 하지 말 것! 목숨을 담보로 한 섬뜩한 놀이의 실체가 실시간으로 밝혀진다!", "poster_URL": "https://movie-phinf.pstatic.net/20161024_102/147727438959046lNP_JPEG/movie_image.jpg"}}, {"pk": 103, "model": "actors.movie", "fields": {"code": "20155301", "title": "두 번째 스물", "sales": "80053300", "audience": "10421", "open_date": "2016-11-03", "actors": [91, 1074, 1075, 1076, 1077, 1078, 1079], "genres": [3, 1], "score": "7.62", "summary": "마흔 살의 다른 말은 두 번째 스물 그 말을 웃어 넘겼던 민하 앞에 거짓말처럼 옛사랑 민구가 나타났다  첫눈에 반했던 만남 미치도록 뜨거웠던 연애 엇갈림 속 맞이했던 이별…  두 번째 스물에 찾아온 운명 같은 재회 일주일 동안 이탈리아 여행을 함께하게 된 두 사람 “우리 아직 사랑일까?”", "poster_URL": "https://movie-phinf.pstatic.net/20161010_186/1476067234436xN0Uf_JPEG/movie_image.jpg"}}, {"pk": 104, "model": "actors.movie", "fields": {"code": "20163521", "title": "스플릿", "sales": "6093471039", "audience": "756922", "open_date": "2016-11-09", "actors": [445, 1080, 191, 547, 1081, 368, 1082, 1083, 1084, 1085, 1086, 1087, 1088], "genres": [1], "score": "9.00", "summary": "과거 볼링계의 전설이라 불리며 이름을 날리던 ‘철종’은 불운의 사고로 모든 것을 잃고 낮에는 가짜석유 판매원, 밤에는 도박볼링판에서 선수로 뛰며 별 볼일 없는 인생을 살아간다. 그러던 어느 날, 자신만의 세계에 빠져 살지만 볼링만큼은 천재적인 능력을 갖고 있는 ‘영훈’을 우연히 만난 후, ‘철종’은 ‘영훈’을 자신의 파트너로 끌어들이게 된다. ‘철종’의 조력자이자 도박판의 브로커 ‘희진’의 주도 아래 드디어 큰 판이 벌어지게 되고, ‘철종’과 끈질긴 악연의 ‘두꺼비’까지 가세해 치열한 승부가 시작 되는데…   제11회 싱가포르한국영화제 초청 상영 (2017)", "poster_URL": "https://movie-phinf.pstatic.net/20161116_262/1479256549925MEKV1_JPEG/movie_image.jpg"}}, {"pk": 105, "model": "actors.movie", "fields": {"code": "20154905", "title": "가려진 시간", "sales": "3920911900", "audience": "506877", "open_date": "2016-11-16", "actors": [231, 1089, 1090, 561, 48, 1091, 1092, 920, 236, 1093, 1094, 1095, 1096, 1097, 570, 1051, 1098, 1099], "genres": [1, 9], "score": "8.45", "summary": "엄마를 잃은 후 새 아빠와 함께 화노도로 이사 온 ‘수린’.  자신만의 공상에 빠져 홀로 지내는 수린에게 ‘성민’이 먼저 다가온다.  둘만의 암호로, 둘만의 공간에서, 둘만 아는 추억을 쌓아가는 그들.  어느 날, 공사장 발파 현장을 구경하기 위해 친구들과 산으로 가고  그곳에서 모두가 실종된 채, 유일하게 수린만 돌아온다.    그리고 며칠 뒤, 자신이 성민이라는 남자가 수린 앞에 나타난다.  ‘멈춰진 시간’에 갇혀 어른이 되었다는 성민.  수린만이 성민을 믿어주는 가운데  경찰과 마을 사람들은 의심을 거두지 못하고 성민은 쫓기는 상황에 이르게 되는데…    “너만, 나를 믿어주면 돼”  세상은 몰랐던 특별한 이야기", "poster_URL": "https://movie-phinf.pstatic.net/20161026_266/1477442984794mcXtF_JPEG/movie_image.jpg"}}, {"pk": 106, "model": "actors.movie", "fields": {"code": "20142706", "title": "시소", "sales": "16332000", "audience": "1884", "open_date": "2016-11-10", "actors": [1100, 1101, 1102, 1103], "genres": [14], "score": "9.09", "summary": "이동우는 어느 날 자신에게 망막을 기증하겠다는 사람의 연락을 받는다. 몸을 움직이기조차 힘든,  그저 앞만 볼 수 있는 그 사람과 만나게 된 이동우는 자신에게 하나 남은 ‘눈’을 주겠다는 그와 아름다운 여행을 계획한다.   세상에서 가장 따뜻한 두 남자의 여행   한 가정의 가장이자, 사랑스러운 딸을 둔 아빠인 두 사람은 함께 떠난 제주도에서 마음을 터놓고 서로에게 다가간다.  조금은 불완전한 두 사람은 서로의 부족한 점을 보듬으며 점점 채워져 가는 각자의 모습을 발견하는데….", "poster_URL": "https://movie-phinf.pstatic.net/20161103_32/1478162509220HvKwG_JPEG/movie_image.jpg"}}, {"pk": 107, "model": "actors.movie", "fields": {"code": "20169730", "title": "당신자신과 당신의 것", "sales": "116504600", "audience": "14312", "open_date": "2016-11-10", "actors": [288, 1104, 36, 48, 882, 367, 1036], "genres": [1], "score": "6.98", "summary": "화가인 영수는 오늘 어머니가 위독하시다. 영수는 여자 친구인 민정이 어느 남자와 술을 마시다 크게 싸움을 했다는 말을 전해 듣는다. 그날 밤 그 일로 두 사람은 말다툼을 하고 민정은 당분간 서로 보지 말자며 나가버린다. 다음날부터 영수는 민정을 찾아다니지만 민정을 만날 수 없다. 그러는 사이, 그가 사는 연남동의 여기저기를 민정 혹은 민정을 꼭 닮은 여자들이 돌아다니면서 몇 명의 남자들을 만나고 있다. 영수는 민정을 찾아 헤매면서 자신과의 싸움을 벌이는데, 그게 세상하고 싸우는 것이나 마찬가지고, 민정 혹은 민정을 닮은 여자는 영수가 두렵게 상상하는 그녀의 모습을 그대로 닮은 채 “한번도 만나지 못한 그 좋은 남자”를 찾아 헤매고 있다. 둘이 다시 만나는 날, 두 사람은 어떤 식으로건 모든 싸움을 멈추는데, 그게 너무 좋아 믿기가 힘들 수 있다.", "poster_URL": "https://movie-phinf.pstatic.net/20161013_239/1476323533157nC7yR_JPEG/movie_image.jpg"}}, {"pk": 109, "model": "actors.movie", "fields": {"code": "20161694", "title": "제자도 - 제자,옥한흠2", "sales": "54817000", "audience": "7669", "open_date": "2016-11-10", "actors": [1105, 1106], "genres": [14], "score": "8.61", "summary": "‘그리스도인과 제자’라는 단어는 모두 예수님과의 관계를 내포한다. 그러나 제자가 더 강력하다. 왜냐하면 학생과 선생의 의미가 있기 때문이다. 예수님께서 선택하신 열 둘은 사도이기 전에 제자였고 예수님의 공생애 3년 동안 이들은 제자로써 예수님의 가르침을 받았기 때문이다. 아쉬운 점은 ‘제자’라는 단어가 이후에도 계속 사용되었지만 그리스도인들이 자신을 예수님의 제자로 인식하고 ‘제자훈련’을 받아야 할 책임을 진지하게 받아들이지 못한 것이었다.   “너희는 나를 불러 주여, 주여 하면서도 어찌하여 내가 말하는 것을 행하지 아니하느냐?” (눅6:46)  진정한 제자도는 전심을 다하는 제자도이다. 보통 우리는 선택적인 태도를 취함으로 철저한 제자도를 회피한다. 적당히 헌신할 만한 영역을 고르고, 대가를 치러야 할 듯한 영역은 피하는 것이다. 우리가 알아야 할 것은 <우리에게 취사선택할 권리가 없다>는 것이다. <제자 옥한흠 2 - 제자도>는 제자훈련을 가르치는 지도자와 배움에 임하는, 임해야 하는 성도들 모두에게 제자도를 말하는 영화이다.", "poster_URL": "https://movie-phinf.pstatic.net/20161102_100/1478071795188Vffl1_JPEG/movie_image.jpg"}}, {"pk": 110, "model": "actors.movie", "fields": {"code": "20154661", "title": "형", "sales": "23127825393", "audience": "2981789", "open_date": "2016-11-23", "actors": [509, 188, 1107, 1108, 1109, 1103, 1110, 1111, 673], "genres": [5, 1], "score": "8.34", "summary": "유도 국가대표 고두영(도경수)은 경기 도중 불의의 사고를 당하게 되고 이 소식을 들은 사기전과 10범의 형 고두식(조정석)은 눈물의 석방 사기극을 펼친다!   “형은 개뿔, 제발 내 인생에서 꺼져!”  형이 돌아오고 인생이 더 깜깜해졌다!   하루 아침에 앞이 깜깜해진 동생을 핑계로 1년간 보호자 자격으로 가석방 된 두식!. 15년동안 단 한번도 연락이 없던 뻔뻔한 형이 집으로 돌아오고  보호자 노릇은커녕 ‘두영’의 삶을 더 엉망진창으로 만드는데….  남보다 못한 형제의 예측불허 동거가 시작된다!", "poster_URL": "https://movie-phinf.pstatic.net/20161123_110/1479885421852lTvQa_JPEG/movie_image.jpg"}}, {"pk": 111, "model": "actors.movie", "fields": {"code": "20161603", "title": "순종", "sales": "407293200", "audience": "57157", "open_date": "2016-11-17", "actors": [1112, 1113, 1114, 1115], "genres": [14], "score": "8.98", "summary": "우간다 내전으로 상처받은 사람들이 모여 사는 딩기디 마을. 반군에게 부모가 잔인하게 살해당하는 모습을 목격했던 아이들은 트라우마로 심한 발작을 일으키는데...이들을 사랑으로 보살피는 김은혜 선교사. 하지만 김 선교사는 살아생전 가족들을 가난의 굴레에 던져놓은 채, 딩기디 마을 사람들을 보살폈던 아버지에 대한 원망을 지우지 못한다.  한편, 중동 테러단체 IS의 주민학살 등 온갖 만행에 견디다 못해 레바논으로 탈출한 알리는 세상과의 문을 닫고 헤어진 엄마를 그리워하며 힘겨운 하루하루를 지샌다. 상처받은 난민친구들과 함께 모여 살던 알리는 한국의 김영화 선교사를 만나고, 변화를 겪기 시작하는데...  과연 이들의 상처는 치유될 것인가!", "poster_URL": "https://movie-phinf.pstatic.net/20161024_276/1477272601802XgGy1_JPEG/movie_image.jpg"}}, {"pk": 112, "model": "actors.movie", "fields": {"code": "20159286", "title": "연애담", "sales": "166788300", "audience": "20320", "open_date": "2016-11-17", "actors": [340, 1116, 1117, 1118, 239, 1119, 1120, 1120, 1085, 1121, 1122], "genres": [3], "score": "7.47", "summary": "미술을 공부하는 윤주(이상희). 졸업 전시를 준비하던 중 자꾸 눈길이 가는 한 사람을 만나게 된다. 살짝 마주친 눈빛에서 느껴진 따뜻함에 윤주는 점점 마음이 이끌리기 시작한다.  아르바이트를 하며 꿈을 찾아가는 지수(류선영). 추운 겨울 어느 날, 나를 따뜻하게 바라봐주는 한 사람을 만나게 된다.   얼마 후, 그 사람을 다시 만난 지수는  그 사람에게 마음을 이어나가려 손을 내밀어 본다.   두 사람의 마음이 이어진 가장 행복하고 따뜻했던 이 순간은 정말 영원할 수 있을까…", "poster_URL": "https://movie-phinf.pstatic.net/20161028_162/1477618609681NUghJ_JPEG/movie_image.jpg"}}, {"pk": 113, "model": "actors.movie", "fields": {"code": "20153741", "title": "미씽: 사라진 여자", "sales": "8879182256", "audience": "1152780", "open_date": "2016-11-30", "actors": [1123, 1124, 1125, 1126, 1127, 1128, 1129, 1130, 1131, 1132, 460, 1133, 1134], "genres": [13], "score": "8.37", "summary": "이혼 후 육아와 생계를 혼자 책임져야 하는 워킹맘 지선은 헌신적으로 딸을 돌봐주는  보모 한매가 있어 늘 다행이라고 생각한다.  어느 날, 퇴근 후 집에 돌아온 지선은 보모 한매와 딸 다은이가 흔적도 없이 사라져 버린 것을 알게 된다.  지선은 뒤늦게 경찰과 가족에게 사실을 알리지만 아무도 그녀의 말을 믿지 않고, 오히려 양육권 소송 중 일으킨 자작극으로 의심한다.   결국 홀로 한매의 흔적을 추적하던 지선은 집 앞을 서성이는 정체불명의 남자와 주변 사람들의 이상한 증언들로 더욱 혼란에 빠지게 되고,  그녀의 실체에 가까워질수록 이름, 나이, 출신 등 모든 것이 거짓이었다는 충격적인 진실을 알게 되는데…", "poster_URL": "https://movie-phinf.pstatic.net/20161130_126/1480469003419ruzKF_JPEG/movie_image.jpg"}}, {"pk": 114, "model": "actors.movie", "fields": {"code": "20162608", "title": "나의 살던 고향은", "sales": "81080600", "audience": "10698", "open_date": "2016-11-24", "actors": [1135], "genres": [14], "score": "8.97", "summary": "시간을 초월한 숨결이 생생히 살아있던 고구려,  바람 불고 추웠던 만주벌판에서 느껴본 발해, 나이 칠십에야 처음 찾아왔다고 한탄했던  우리 모두의 뿌리를 찾아 떠나는 뜨거운 여정!   도올 선생님과 함께 떠나는 황홀한 시간여행!  지금, 출발합니다!", "poster_URL": "https://movie-phinf.pstatic.net/20161103_128/14781341031415W3D5_JPEG/movie_image.jpg"}}, {"pk": 115, "model": "actors.movie", "fields": {"code": "20160472", "title": "두 남자", "sales": "456012621", "audience": "59788", "open_date": "2016-11-30", "actors": [361, 563, 1136, 1137, 896, 771, 366, 1138, 843, 1139], "genres": [2, 6], "score": "6.01", "summary": "불법 노래방을 운영하는 악덕업주 ‘형석’(마동석).  절도를 일삼는 가출팸 리더 ‘진일’(최민호). 형석이 진일의 여자친구를 강제로 잡아두게 되자 진일은 형석의 딸을 납치한다.   인생 밑바닥에 있는 두 남자는 사랑하는 이들을 지키기 위해 처절한 싸움을 시작하게 된다.", "poster_URL": "https://movie-phinf.pstatic.net/20161125_77/1480057627692cyrrE_JPEG/movie_image.jpg"}}, {"pk": 116, "model": "actors.movie", "fields": {"code": "20144641", "title": "판도라", "sales": "36058013064", "audience": "4582634", "open_date": "2016-12-07", "actors": [1140, 608, 1141, 511, 25, 444, 29, 550, 1142, 446, 1143, 1144, 1145, 1146, 1147, 676, 1148, 1149, 368, 1150, 1151, 1152, 1153, 1154, 1155], "genres": [1, 12], "score": "8.29", "summary": "역대 최대 규모의 강진에 이어 원자력 폭발 사고까지 예고 없이 찾아온 초유의 재난 앞에 한반도는 일대 혼란에 휩싸이고 믿고 있던 컨트롤 타워마저 사정없이 흔들린다. 방사능 유출의 공포는 점차 극에 달하고 최악의 사태를 유발할 2차 폭발의 위험을 막기 위해 발전소 직원인 ‘재혁’과 그의 동료들은 목숨 건 사투를 시작하는데…!", "poster_URL": "https://movie-phinf.pstatic.net/20161222_275/1482367105600om9qK_JPEG/movie_image.jpg"}}, {"pk": 117, "model": "actors.movie", "fields": {"code": "20152371", "title": "당신, 거기 있어줄래요", "sales": "9350507148", "audience": "1167259", "open_date": "2016-12-14", "actors": [1156, 1157, 620, 74, 1158, 1159, 1160, 1161, 230, 114, 1162], "genres": [9, 1], "score": "8.69", "summary": "2015년 현재 “간절히 바라는 소원이 있습니까?” 현재의 수현(김윤석)은 의료 봉사 활동 중 한 소녀의 생명을 구하고 소녀의 할아버지로부터 신비로운 10개의 알약을 답례로 받는다. 호기심에 알약을 삼킨 수현은 순간 잠에 빠져들고 다시 눈을 떴을 때, 30년 전 과거의 자신과 마주하게 된다. 1985년 과거 “분명 모르는 사람인데... 이상하게 낯이 익었어” 오래된 연인 연아(채서진)와 행복한 나날을 보내던 과거의 수현(변요한)은 우연히 길에 쓰러진 남자를 돕게 된다. 남자는 본인이 30년 후의 수현이라 주장하고 황당해하던 과거의 수현은 그가 내미는 증거들을 보고 점차 혼란에 빠진다. “과거는 되돌릴 수 없어. 지금 이 순간 역시, 되돌릴 수 없는 시간이고.” “당신에겐 과거지만 나한텐 미래에요. 그 미랜 내가 정하는 거고!” 사랑했던 연아를 꼭 한 번 보고 싶었다는 현재 수현의 말에 과거 수현은 알 수 없는 불안감을 느끼고 이어 믿기 힘든 미래에 대해 알게 되는데… 그 때로 돌아간다면… 지금의 내 인생도 바뀔 수 있을까요?", "poster_URL": "https://movie-phinf.pstatic.net/20161124_88/1479951959050RqcvW_JPEG/movie_image.jpg"}}, {"pk": 118, "model": "actors.movie", "fields": {"code": "20157064", "title": "커튼콜", "sales": "31467300", "audience": "4251", "open_date": "2016-12-08", "actors": [1163, 62, 1016, 1164, 1165, 620, 1166, 843, 876, 569, 1167, 1168, 996, 71], "genres": [5], "score": "5.22", "summary": "경제적인 불황으로 문닫기 일보 직전의 위기에 놓인 삼류 에로 극단 ‘민기’의 마지막 무대를 앞두고 연출자 ‘민기’(장현성)는 늘 꿈에 그리던 연극 [햄릿]을 무대에 올리기로 결심, 프로듀서인 ‘철구’(박철민)를 설득한다.  우여곡절 끝에 연극 무대의 막이 오르고, 예기치 않은 실수와 애드립이 난무하는 가운데 무대의 열기는 점점 끓어 오르는데!  과연 삼류 에로 극단이 도전한 [햄릿]은 무사히 커튼콜을 올릴 수 있을까?!", "poster_URL": "https://movie-phinf.pstatic.net/20161118_37/1479430532676gYDiF_JPEG/movie_image.jpg"}}, {"pk": 119, "model": "actors.movie", "fields": {"code": "20155223", "title": "목숨 건 연애", "sales": "361668800", "audience": "47805", "open_date": "2016-12-14", "actors": [1170, 1171, 1172, 1173, 1174, 1175, 1176, 1176, 1177, 1178, 1179, 909, 1180, 1181, 1108, 1182, 1183], "genres": [3, 5], "score": "4.31", "summary": "동네 사람 모두를 살인범으로 의심해 경찰은 물론 이웃들 사이에서도 이태원 민폐녀로 통하는 추리소설작가 ‘한제인’(하지원). 차기작 구성만 5년 째, 출판사에서도 포기 직전인 그녀는 이태원 연쇄살인사건을 모티브로 신작을 쓰기로 결심한다. 그러던 어느 날, 남다른 촉으로 위층에서 살인사건의 정황을 포착하게 되는데 경찰은 그녀의 말을 믿어주지 않는다. 이 참에 직접 살인범을 잡아 이태원 민폐녀에서 베스트셀러 작가로 명예회복을 결심한 제인! 이태원지구대 순경인 소꿉친구 ‘설록환’(천정명)의 전폭적인 지원과 제인의 팬이자 날카로운 추리력까지 겸비한 정체불명의 매력남 ‘제이슨’(진백림)의 도움을 얻어 본격적인 범인 추적에 나서는데…!!  연쇄살인범도 잡고, 베스트셀러 작가로 거듭나기 위한! 그녀의 기상천외한 수사가 시작된다!", "poster_URL": "https://movie-phinf.pstatic.net/20161205_257/1480912200246MaWGU_JPEG/movie_image.jpg"}}, {"pk": 120, "model": "actors.movie", "fields": {"code": "20161725", "title": "마스터", "sales": "58065878365", "audience": "7150142", "open_date": "2016-12-21", "actors": [22, 231, 1184, 1124, 442, 1185, 443, 931, 87, 1000, 185, 1134, 1186], "genres": [6, 2], "score": "8.10", "summary": "화려한 언변, 사람을 현혹하는 재능, 정관계를 넘나드는 인맥으로 수만 명 회원들에게 사기를 치며 승승장구해 온 원네트워크 ‘진회장’(이병헌). 반년간 그를 추적해 온 지능범죄수사팀장 ‘김재명’(강동원)은  진회장의 최측근인 ‘박장군’(김우빈)을 압박한다. 원네트워크 전산실 위치와 진회장의 로비 장부를 넘기라는 것.  뛰어난 프로그래밍 실력과 명석한 두뇌로 원네트워크를 키워 온 브레인 박장군은  계획에 차질이 생긴 것을 감지하자 빠르게 머리를 굴리기 시작한다.  진회장은 물론 그의 뒤에 숨은 권력까지 모조리 잡기 위해 포위망을 좁혀가는 재명, 오히려 이 기회를 틈타 돈도 챙기고 경찰의 압박에서도 벗어날 계획을 세우는 장군.  하지만 진회장은 간부 중에 배신자가 있음을 눈치채고, 새로운 플랜을 가동하는데…  지능범죄수사대, 희대의 사기범, 그리고 브레인 서로 속고 속이는 추격이 시작된다!", "poster_URL": "https://movie-phinf.pstatic.net/20161221_195/1482293911661KoeOc_JPEG/movie_image.jpg"}}, {"pk": 121, "model": "actors.movie", "fields": {"code": "20164527", "title": "부릉! 부릉! 브루미즈: 스피더의 모험 일기", "sales": "79031500", "audience": "9897", "open_date": "2016-12-15", "actors": [259, 129, 1187], "genres": [7], "score": "6.53", "summary": "안녕? 난 브루미즈의 리더 ‘스피더’야. 우리 마을에서는 매일매일 신나는 일들이 펼쳐지지. 비행기를 타고 하늘을 날고, 외계인 친구도 만나고! 그리고 마을 어딘가에 숨겨진 보물도 찾으러 가자! 음, 이건 비밀인데… 산타 할아버지도 만날 수 있어!  곧 있을 어린이 경주 대회에도 출전하니까 꼭 와서 내가 1등할 수 있게 응원해줘!", "poster_URL": "https://movie-phinf.pstatic.net/20161206_22/1481014929077zwh32_JPEG/movie_image.jpg"}}, {"pk": 122, "model": "actors.movie", "fields": {"code": "20156923", "title": "슈팅걸스", "sales": "29066000", "audience": "4094", "open_date": "2017-07-15", "actors": [517, 1188, 1189, 1190, 1191], "genres": [1, 10], "score": "9.50", "summary": "2009년 故 김수철 감독과 13명뿐인 삼례여중 축구부 소녀들이 일궈낸 눈물겨운 전국대회 우승의 감동실화! 만년 꼴찌 삼례여중 축구부. 변변한 지원도 없고, 교체선수도 부족한 실정에 설상가상 팀의 주축인 스트라이커마저 전학을 가버리는데... 과연 13명의 소녀들과 김수철 감독은 전국대회 여왕기에서 기적을 만들어 낼 수 있을까?", "poster_URL": "https://movie-phinf.pstatic.net/20170621_123/1498026110819Kj0BO_JPEG/movie_image.jpg"}}, {"pk": 123, "model": "actors.movie", "fields": {"code": "20154342", "title": "뚜르: 내 생애 최고의 49일", "sales": "201664200", "audience": "26739", "open_date": "2017-02-01", "actors": [568, 1192, 191, 568, 1193, 1194, 1195], "genres": [14], "score": "9.20", "summary": "스물여섯 윤혁은 희귀암 말기 판정을 받지만 운명처럼 찾아온 자전거로 새로운 희망을 꿈꾼다. 생애 최대 좌절의 순간 세계 최고의 자전거 대회 ‘뚜르드프랑스’ 완주를 꿈꾸는 윤혁. 항암치료를 중단하고 그를 위해 모인 9인의 드림팀과 함께 우여곡절 끝에 드디어 프랑스에 입성한다.  하지만 첫 라이딩에서 메카닉은 팔이 부러지고, 팀닥터는 불편한 숙소에 불만이 폭발한다. 현지 코디네이터는 적은 예산과 팀원들의 불신으로 좌괴감에 빠지고, 라이딩 파트너는 체력 고갈로 바람막이는커녕 점점 쉬는 날이 많아진다. 좌충우돌 속에서도 첫번째 고비인 피레네 산맥을 하루만에 넘은 윤혁! 드림팀 멤버들은 다시 심기일전 힘을 모으기로 하는데… 싸우고 화해하고 울고 웃으며 서로의 마음을 하나로 모아가는 드림팀과 윤혁!  한국인 최초 ‘뚜르드프랑스’ 완주의 49일, 3,500km의 뜨거운 도전이 시작된다!", "poster_URL": "https://movie-phinf.pstatic.net/20170126_204/1485395631968tEJPT_JPEG/movie_image.jpg"}}, {"pk": 124, "model": "actors.movie", "fields": {"code": "20150966", "title": "사랑하기 때문에", "sales": "2670230440", "audience": "340373", "open_date": "2017-01-04", "actors": [589, 1196, 648, 546, 1197, 607, 27, 1198, 1199, 1200, 1201, 1202, 1203, 1204, 1205, 804, 1206, 1206, 1207, 340, 1208, 931, 1209, 18, 1210], "genres": [5, 3], "score": "8.01", "summary": "사랑하는 그녀에게 고백하러 가던 날, 갑작스러운 사고로 사랑에 서툰 사람들의 몸에 들어갈 수 있는 뜻밖의 능력(?)을 가지게 된 작곡가 '이형'(차태현)    여고생 K양을 시작으로 이혼위기 P씨, 모태솔로 노총각 Y씨 첫사랑만 찾는 치매할머니 K씨까지! 유일하게 자신의 비밀을 알아챈 4차원 소녀 '스컬리'(김유정)의 도움으로 인생 최대의 위기를 기회로 바꿔보기로 한다.    '이형'은 과연 인생 최고의 순간을 맞이할 수 있을 것인가?", "poster_URL": "https://movie-phinf.pstatic.net/20170104_177/1483511463785599vQ_JPEG/movie_image.jpg"}}, {"pk": 126, "model": "actors.movie", "fields": {"code": "20151181", "title": "여교사", "sales": "958874460", "audience": "118092", "open_date": "2017-01-04", "actors": [41, 1215, 1021, 512, 1216, 1217, 998, 1218, 1219, 809, 1021, 1220], "genres": [1], "score": "6.60", "summary": "계약직 여교사 효주(김하늘)는 자기 차례인 정교사 자리를 치고 들어온  이사장 딸 혜영(유인영)이 몹시 거슬린다.  기억조차 없는데 학교 후배라며 다가와 살갑게 굴지만, 어딘가 불편한 느낌을 지울 수 없다.  그러다 우연히, 임시 담임이 된 반에서  눈여겨보던 무용특기생 재하(이원근)와 혜영의 관계를 알게 된다.  처음으로 이길 수 있는 패를 가진 것만 같은 효주는  다 가진 혜영에게서 단 하나 뺏으려 하는데…  “어젯밤, 체육관.  눈 감겠단 얘긴 안 했는데?”", "poster_URL": "https://movie-phinf.pstatic.net/20161219_291/1482114652547OFTeL_JPEG/movie_image.jpg"}}, {"pk": 127, "model": "actors.movie", "fields": {"code": "20163014", "title": "7년-그들이 없는 언론", "sales": "124477700", "audience": "15857", "open_date": "2017-01-12", "actors": [1221, 1222, 1223, 1224, 1225, 1226, 465, 1227, 1228, 1229, 1230, 1231, 1232, 996, 1233], "genres": [14], "score": "8.44", "summary": "이명박 정부 초기인 2008년부터 현재까지 총 20여명의 언론인이 해직되었다. 해직 언론인 대부분이 노조 간부가 아닌 것은 물론,  그 중 상당수는 평범한 언론사의 직장인으로서 생활하던 이들이다.  자신이 다니던 언론사가 권력에 의해 망가지는 모습을 견디지 못했던 그들은  공정방송이란 상식적인 요구를 하였으나, 돌아온 것은 해직통보였다. 7년의 시간이 흐른 지금,  자신이 몸담았던 언론사에 대한 권력의 통제는 이미 관성이 되어버렸고,  그런 현실을 바라보는 그들의 시선도 착찹하기만 한데… 그들은 돌아갈 수 있을까?  만약 돌아간다면 그 곳은...  그들이 간절히 원했던 그런 언론사이긴 한 걸까?", "poster_URL": "https://movie-phinf.pstatic.net/20161214_21/1481700374862kobQM_JPEG/movie_image.jpg"}}, {"pk": 129, "model": "actors.movie", "fields": {"code": "20151228", "title": "공조", "sales": "63775227326", "audience": "7816521", "open_date": "2017-01-18", "actors": [1237, 1003, 288, 42, 7, 1238, 1005, 1239, 1240, 1241, 157, 1155, 1242, 569], "genres": [6], "score": "8.27", "summary": "비밀리에 제작된 위조 지폐 동판을 탈취하려는 내부 조직에 의해  작전 중 아내와 동료들을 잃게 된 특수 정예부대 출신의 북한형사 ‘림철령’(현빈).  동판을 찾아야만 하는 북한은 남한으로 숨어든 조직의 리더 ‘차기성’(김주혁)을 잡기 위해 역사상 최초의 남북 공조수사를 요청하고, 그 적임자로 철령을 서울에 파견한다.  한편, 북한의 속내가 의심스런 남한은 먼저 차기성을 잡기 위한 작전을 계획하고,  정직 처분 중인 생계형 형사 ‘강진태’(유해진)에게 공조수사를 위장한 철령의 밀착 감시를 지시한다.   임무를 완수해야 하는 철령과 임무를 막아야만 하는 진태.  그들에게 주어진 시간은 단 3일,  한 팀이 될 수 없는 남북 형사의 예측불가 공조수사가 시작된다!", "poster_URL": "https://movie-phinf.pstatic.net/20170118_143/1484714583493K148x_JPEG/movie_image.jpg"}}, {"pk": 130, "model": "actors.movie", "fields": {"code": "20151229", "title": "더 킹", "sales": "43484789535", "audience": "5316095", "open_date": "2017-01-18", "actors": [1243, 40, 27, 1244, 212, 36, 1245, 1246, 1247, 1248, 659, 1249, 183, 1216, 1250, 199, 242, 708, 1251, 989, 435, 1252, 1253, 1254, 1255, 248, 1256, 1257, 1258, 1259, 72, 818, 1011, 538, 982], "genres": [2, 1], "score": "8.09", "summary": "무소불위 권력을 쥐고 폼 나게 살고 싶었던 태수는 우여곡절 끝에 권력의 설계자 한강식을 만나 핵심 라인을 타고 승승장구 하게 된다  정권이 교체되는 중요한 시기, 새로운 판을 짜며 기회를 노리던 이들 앞에 예상치 못한 위기가 닥치는데…  대한민국이 속 시원하게 뒤집힌다!", "poster_URL": "https://movie-phinf.pstatic.net/20170118_172/1484704779507T3ahF_JPEG/movie_image.jpg"}}, {"pk": 131, "model": "actors.movie", "fields": {"code": "20160881", "title": "문영", "sales": "48140899", "audience": "6381", "open_date": "2017-01-12", "actors": [626, 1260, 1261, 1262], "genres": [1], "score": "8.48", "summary": "카메라에 사람들의 얼굴을 담는 말 없는 소녀 '문영' 추운 겨울, 술주정하는 아버지를 피해 뛰쳐나온 문영은  연인과 울며 헤어지는 희수를 몰래 찍다가 들키게 되는데... 학교에서도, 집에서도 혼자이던 문영의 곁으로 희수가 들어온다.", "poster_URL": "https://movie-phinf.pstatic.net/20161229_293/1482971956937CH5cJ_JPEG/movie_image.jpg"}}, {"pk": 132, "model": "actors.movie", "fields": {"code": "20163845", "title": "터닝메카드W: 블랙미러의 부활", "sales": "3203375500", "audience": "428180", "open_date": "2017-01-18", "actors": [1263, 1264, 852, 1265, 1266, 1267, 1268, 1269], "genres": [7], "score": "8.73", "summary": "지구 최초 메카니멀인 '디스크캐논'이 완성될 무렵\r 지구와 트라이포스에 이상한 기운이 감지된다.\r 소멸된 줄 알았던 블랙미러가 복수를 꿈꾸며 부활한 것!\r 시공을 넘어 현재로 온 블랙미러는 클론 메카니멀들을 이용해 도시를 파괴하고,\r 테이머들은 사상 최악의 위기 속 최후의 배틀을 준비하는데...", "poster_URL": "https://movie-phinf.pstatic.net/20161227_258/14828014959002yma4_JPEG/movie_image.jpg"}}, {"pk": 134, "model": "actors.movie", "fields": {"code": "20157631", "title": "다른 길이 있다", "sales": "19222700", "audience": "2395", "open_date": "2017-01-19", "actors": [802, 697, 1273, 1274, 1275, 1277, 1278, 1279, 1047, 543], "genres": [1], "score": "4.20", "summary": "얼어붙은 마음들이 서로를 알아볼 때 다른 길이 있다  누워있는 어머니를 돌보는 딸이 있다. 도우미 아르바이트로 살아가는 딸은 어느 날 자살을 결심한다. 한편, 어린 시절 어머니의 죽음을 목격한 적 있는 남자는 경찰로 일하지만 삶의 의욕이 없다. 얼굴도 이름도 모르는 두 사람은 우연히 만나, 삶의 마지막 순간을 함께 하기로 한다.  다른 길에 있던, 나와 같은 당신을 만나다", "poster_URL": "https://movie-phinf.pstatic.net/20170105_49/1483577650313jfi0C_JPEG/movie_image.jpg"}}, {"pk": 135, "model": "actors.movie", "fields": {"code": "20150964", "title": "조작된 도시", "sales": "20137275587", "audience": "2514768", "open_date": "2017-02-09", "actors": [1280, 207, 378, 1174, 74, 1281, 1282, 205, 592, 753, 310, 518, 242, 1283, 1284, 1285, 1286, 1287, 226, 1288, 1289, 1290, 1291, 85, 1292, 1293, 1294, 1295, 1295, 599, 1296, 1296, 584, 1297, 771, 1193, 1193, 1298, 916, 588, 576, 748, 1099], "genres": [2, 6], "score": "8.03", "summary": "게임 세계 속에서는 완벽한 리더지만 현실에서는 평범한 백수인 ‘권유’(지창욱). PC방에서 우연히 휴대폰을 찾아 달라는 낯선 여자의 전화를 받게 되고 이후, 영문도 모른 채 그녀를 잔인하게 살해한 범인으로 몰리게 된다  모든 증거는 짜맞춘 듯 권유를 범인이라 가리키고, 아무도 그의 결백을 믿어주지 않는 가운데  권유의 게임 멤버이자 초보 해커인 ‘여울’(심은경)은 이 모든 것이 단 3분 16초 동안, 누군가에 의해 완벽하게 조작되었음을 알게 된다.  특수효과 전문 ‘데몰리션’(안재홍)을 비롯 게임 멤버가 모두 모여 자신들만의 새로운 방식으로 사건의 실체를 추적해나가기 시작하고,  조작된 세상에 맞서기 위한 짜릿한 반격에 나서는데...!  살인자로 조작된 시간, 단 3분 16초 그들이 짜놓은 세상, 우리가 뒤집는다!", "poster_URL": "https://movie-phinf.pstatic.net/20170206_87/1486347556947SbfPd_JPEG/movie_image.jpg"}}, {"pk": 136, "model": "actors.movie", "fields": {"code": "20166421", "title": "재심", "sales": "19256022637", "audience": "2419540", "open_date": "2017-02-15", "actors": [2, 263, 629, 1005, 240, 25, 1299, 870, 1300, 827, 1301, 524, 1302, 250, 1303, 1304, 147, 1305, 1306, 1248, 549, 273], "genres": [1], "score": "8.50", "summary": "대한민국을 뒤흔든 택시기사 살인사건 발생!  유일한 목격자였던 10대 소년 현우는  경찰의 강압적인 수사에 누명을 쓰고 10년을 감옥에서 보내게 된다  한편, 돈도 빽도 없이 빚만 쌓인 벼랑 끝 변호사 준영은  거대 로펌 대표의 환심을 사기 위한 무료 변론 봉사 중  현우의 사건을 알게 되고 명예와 유명세를 얻기에 좋은 기회라는 본능적 직감을 하게 된다.   그러나 실제로 현우를 만난 준영은 다시 한번 정의감에 가슴이 뜨거워지는 자신을 발견하게 되고  현우는 준영의 도움으로 다시 한번 세상을 믿어볼 희망을 찾게 되는데..  다시 심장을 뛰게 만들 진심을 만나라!   제8회 호주한국영화제 초청 상영 (2017) 제6회 프랑크푸르트한국영화제 초청 상영 (2017)", "poster_URL": "https://movie-phinf.pstatic.net/20170206_116/1486347780659NI0zd_JPEG/movie_image.jpg"}}, {"pk": 137, "model": "actors.movie", "fields": {"code": "20156562", "title": "루시드 드림", "sales": "754779000", "audience": "101517", "open_date": "2017-02-22", "actors": [1307, 1308, 1309, 1310, 1311, 1312, 454, 1313, 1314, 1315, 1296, 1296, 1316, 1317, 1318, 1319, 1320, 1321, 649], "genres": [16, 12], "score": "5.87", "summary": "대기업 비리 고발 전문 기자 대호(고수)는 3년 전 계획적으로 납치된 아들을 찾기 위해 '루시드 드림’을 이용, 과거의 기억으로 가 범인의 단서를 추적한다.  오른팔에 문신을 한 남자, 사진을 찍던 수상한 남자, 꿈마다 등장하는 의문의 인물까지!  베테랑 형사 방섭(설경구)과 친구인 정신과 의사 소현(강혜정)의 도움으로 마침내 대호는 모든 단서가 지목하는 한 남자를 마주하게 되는데...", "poster_URL": "https://movie-phinf.pstatic.net/20170123_132/1485160659795SfWgk_JPEG/movie_image.jpg"}}, {"pk": 138, "model": "actors.movie", "fields": {"code": "20158799", "title": "눈길", "sales": "965610100", "audience": "128970", "open_date": "2017-03-01", "actors": [1322, 609, 447, 1323, 922, 42, 1324, 119, 1325], "genres": [1], "score": "9.15", "summary": "1944년 일제강점기 말,  가난하지만 씩씩한 ‘종분’과 부잣집 막내에 공부까지 잘하는 ‘영애’  같은 마을에서 태어났지만 전혀 다른 운명을 타고난 두 소녀.  똑똑하고 예쁜 영애를 동경하던 ‘종분’은 일본으로 떠나게 된 ‘영애’를  부러워하며 어머니에게 자신도 일본에 보내달라고 떼를 쓴다.   어느 날, 어머니가 집을 비운 사이 남동생과 단 둘이 집을 지키던 ‘종분’은 느닷없이 집으로  들이닥친 일본군들의 손에 이끌려 낯선 열차에 몸을 싣게 된다. 영문도 모른 채 끌려온 ‘종분’은  자신 또래 아이들이 가득한 열차 안에서 두려움에 떨고,  그때 마침 일본으로 유학간 줄 알았던 '영애'가 열차 칸 안으로 던져진다.   이제는 같은 운명이 되어버린 두 소녀 앞에는 지옥 같은 전쟁이 펼쳐지고,  반드시 집에 돌아갈 거라 다짐하는 ‘종분’을 비웃듯 ‘영애’는 끔찍한 현실을 끝내기 위해  위험한 결심을 하는데…", "poster_URL": "https://movie-phinf.pstatic.net/20170202_22/1486013531156vr1sb_JPEG/movie_image.jpg"}}, {"pk": 139, "model": "actors.movie", "fields": {"code": "20161366", "title": "그래, 가족", "sales": "327821300", "audience": "43771", "open_date": "2017-02-15", "actors": [1326, 32, 290, 168, 1327, 1328, 1152, 1329, 1330, 1331], "genres": [5], "score": "8.32", "summary": "번듯한 직장이 없는 철부지 장남 성호(정만식)  잘난 체 해도 결국 흙수저인 둘째 수경(이요원)  끼도 없으면서 쓸데 없이 예쁜 셋째 주미(이솜)  닮기는커녕 달라도 너무 다른 오 씨 남매 앞에 갑자기 나타난 막둥이 오낙(정준원)      징그러운 세 남매도 모자라 하루아침에 네 남매가 되어버렸다!      성호의 계략으로 낙이를 떠맡게 된 수경은 짐인 줄 알았던 낙이가 사상 최대 특종 사건의 유일한 희망임을 깨닫게 되고  낙이와 함께 대한민국을 들었다 놓을 기상천외한 작전을 펼치기 시작하는데…  드디어, 오 씨 남매에게도 살아볼 낙(樂)이 생겼다?!", "poster_URL": "https://movie-phinf.pstatic.net/20170215_277/14871221977133lG65_JPEG/movie_image.jpg"}}, {"pk": 141, "model": "actors.movie", "fields": {"code": "20161723", "title": "싱글라이더", "sales": "2682306021", "audience": "350808", "open_date": "2017-02-22", "actors": [1334, 22, 1125, 732, 1335, 1336, 1337, 1338, 674], "genres": [1], "score": "8.24", "summary": "증권회사의 지점장 강재훈(이병헌).  안정된 직장과 반듯한 가족, 나름 성공한 인생이라 생각했다.  어느 날 부실채권 사건으로 모든 것을 잃어버린 그는 가족이 있는 호주로 떠난다.  그러나 다른 삶을 준비하는 아내 수진의 모습을 보고 선뜻 다가가지 못하고 돌연 자취를 감추는데...  완벽한 가정, 사라진 남편, 아무도 몰랐던 그의 충격적 진실이 밝혀진다.", "poster_URL": "https://movie-phinf.pstatic.net/20170223_77/1487828550952mDECT_JPEG/movie_image.jpg"}}, {"pk": 142, "model": "actors.movie", "fields": {"code": "20168668", "title": "레이디버그", "sales": "303396500", "audience": "40178", "open_date": "2017-02-22", "actors": [558, 823, 1339, 854], "genres": [7, 6, 15], "score": "9.43", "summary": "낮에는 평범한 소녀. 하지만 위기의 순간이면 슈퍼 히어로 레이디버그로 변신하는 마리네뜨.\r 어느 날, 짝사랑하는 아드리앙의 신비한 책을 몰래 훔친 마리네뜨는\r 책의 비밀을 풀기 위해 미라클스톤의 수호자, 마스터 푸를 찾아간다. \r 마스터 푸로부터 또 다른 미라클스톤의 존재와 악당 호크모스의 정체를 알게 되고, \r 베일에 싸인 호크모스의 정체를 밝히기 위해 블랙캣과의 합동 작전을 시작한다. \r 한편, 호크모스는 자신의 정체를 숨기기 위해 또 다른 음모를 꾸미는데… \r \r 과연, 레이디버그와 블랙캣은 검은 나비의 습격에 맞서 호크모스의 위험한 음모를 저지할 수 있을까?", "poster_URL": "https://movie-phinf.pstatic.net/20180102_147/1514858793297VhhM9_JPEG/movie_image.jpg"}}, {"pk": 143, "model": "actors.movie", "fields": {"code": "20150753", "title": "눈발", "sales": "116435200", "audience": "13075", "open_date": "2017-03-01", "actors": [1340, 1341, 708, 1342, 1343, 1256], "genres": [1], "score": "7.89", "summary": "눈이 오지 않는 마을에 온 소년, 마음이 얼어붙은 소녀를 만나다  어느 겨울날, 고등학생인 민식은 부모님을 따라 아버지의 고향인 고성으로 내려온다. ‘눈이 내리지 않는’ 고장인 낯선 고성에서 민식은 마음이 얼어붙은 소녀 예주를 만나게 된다.   살인자의 딸이라는 비난 속에 왕따가 된 소녀와  그 소녀의 마음으로 조금씩 다가가는 이방인 소년은 서로를 향한 연민으로 마음을 녹여가지만 세상은 두 아이들에게 쉽게 머물자리를 내어주지 않는다.   처음부터 너는 소리없이 왔어. 그 겨울의 마지막, 우리가 만날 첫 눈발", "poster_URL": "https://movie-phinf.pstatic.net/20170207_263/1486431013814FByWS_JPEG/movie_image.jpg"}}, {"pk": 144, "model": "actors.movie", "fields": {"code": "20150971", "title": "해빙", "sales": "9901359322", "audience": "1204052", "open_date": "2017-03-01", "actors": [628, 615, 29, 1344, 1345, 332, 1299, 1342, 1346, 1347], "genres": [12], "score": "6.49", "summary": "한 때 미제연쇄살인사건으로 유명했던 지역에 들어선 경기도의 한 신도시.  병원 도산 후 이혼, 선배 병원에 취직한 내과의사 승훈(조진웅)은  치매아버지 정노인(신구)을 모시고 정육식당을 운영하는 성근(김대명)의 건물 원룸에 세를 든다.   어느 날, 정노인이 수면내시경 중 가수면 상태에서 흘린  살인 고백 같은 말을 들은 승훈은 부자에 대한 의심을 품게 된다.  한동안 조용했던 이 도시에 다시 살인사건이 시작되고 승훈은 공포에 휩싸인다.  그러던 중, 승훈을 만나러 왔던 전처가 실종되었다며 경찰이 찾아오는데…", "poster_URL": "https://movie-phinf.pstatic.net/20170210_40/1486707180853wnm7T_JPEG/movie_image.jpg"}}, {"pk": 145, "model": "actors.movie", "fields": {"code": "20166422", "title": "커피 메이트", "sales": "49949000", "audience": "6171", "open_date": "2017-03-01", "actors": [1348, 969, 1349, 1350], "genres": [3], "score": "7.75", "summary": "카페에서 사람들 구경하는 걸 좋아하는 그녀, ‘인영’ 그곳에서 자주 마주치는 그, ‘희수’가 왠지 모르게 신경 쓰인다.   어느 날, ‘희수’는 ‘인영’에게 먼저 다가와 말을 걸고, 두 사람은 카페에서만 만나 누구에게도 말하지 못했던 이야기를 나누는  ‘커피 메이트’가 되기로 한다.    남편에게도 말하지 못했던 비밀들을 털어놓으며 ‘희수’에게 오랜만의 설렘을 느끼는 ‘인영’.  두 사람은 함께하는 시간 동안 숨 막히는 현실로부터 자유로워지는 것을 느끼고, 미묘한 감정의 폭풍에 휩싸인 둘의 관계는 걷잡을 수 없게 되는데…", "poster_URL": "https://movie-phinf.pstatic.net/20170210_208/1486704255938hc8L9_JPEG/movie_image.jpg"}}, {"pk": 146, "model": "actors.movie", "fields": {"code": "20162181", "title": "프리즌", "sales": "23783247487", "audience": "2930616", "open_date": "2017-03-23", "actors": [1351, 1352, 517, 28, 921, 1353, 1354, 889, 687, 1355, 909, 991, 1356, 1357, 86, 907, 1358, 1359, 1304, 1193, 1360, 1361, 1338, 1362, 1011, 843], "genres": [2, 6], "score": "7.58", "summary": "밤이 되면 죄수들이 밖으로 나가 대한민국 완전범죄를 만들어내는 교도소 그 교도소의 권력 실세이자 왕으로 군림하는 익호(한석규). 그 곳에 검거율 100%로 유명한 전직 경찰 유건(김래원)이 뺑소니, 증거인멸, 경찰 매수의 죄목으로 입소하게 되고, 특유의 깡다구와 다혈질 성격으로 익호의 눈에 띄게 된다. 익호는 유건을 새로운 범죄에 앞세우며 점차 야욕을 내보이는데 …  세상을 움직이는 놈들은 따로 있다 감옥 문이 열리면 큰 판이 시작된다!", "poster_URL": "https://movie-phinf.pstatic.net/20170308_197/1488935001510TfDtR_JPEG/movie_image.jpg"}}, {"pk": 147, "model": "actors.movie", "fields": {"code": "20154802", "title": "아티스트: 다시 태어나다", "sales": "42812900", "audience": "5703", "open_date": "2017-03-09", "actors": [1363, 199, 1364, 1365, 1366, 199, 465, 1273, 1367, 1355, 1368, 1369, 1370, 1371, 1372, 1373, 1374, 1137, 1375, 1325], "genres": [1, 2, 13], "score": "8.16", "summary": "덴마크에서 동양화를 전공하고 돌아온 아티스트 '지젤'은 첫 국내 전시회를 열기 위해 갤러리를 찾지만 애매한 거절을 당한다. 덴마크에서 자신의 그림을 구입했던 고객의 딸에게 그림 과외를 하며 지내던 어느 날, 타고난 눈을 가졌다고 자부하는 갤러리 대표 '재범'과 운명적인 만남이 이루어진다. '재범'의 도움으로 '지젤'은 꿈에 그리던 첫 전시회를 열게 되고, 소소한 성공을 눈앞에 둔 그 순간! 그녀의 심장이 멎어버린다. 좌절한 '재범' 앞에 예상치 못한 상황이 펼쳐지고 '지젤'의 그림은 유명세를 타기 시작한다. 데뷔와 동시에 세상에서 사라진 아티스트 '지젤'이 주목을 받자 '재범'은 더 위대한 그림을 만들기 위한 '아티스트 프로젝트'를 계획하고, 큰 성공을 눈앞에 둔 '재범' 앞에 다시 깨어난 '지젤'이 나타나는데...   '아티스트'의 살짝 놀라운 비밀이 밝혀진다!", "poster_URL": "https://movie-phinf.pstatic.net/20170208_186/148651558188752iuM_JPEG/movie_image.jpg"}}, {"pk": 148, "model": "actors.movie", "fields": {"code": "20167905", "title": "비정규직 특수요원", "sales": "1149555700", "audience": "149518", "open_date": "2017-03-16", "actors": [425, 1376, 28, 1281, 1377, 1378, 1379, 1380, 1381, 1382, 1383, 1384, 1385, 1386, 1387, 1388, 1389, 1390, 1390, 1391, 1392, 1393, 1394], "genres": [5, 6], "score": "5.97", "summary": "만년알바인생 ‘장영실’(강예원)은 35살의 나이에 국가안보국 댓글요원으로 임시 취업하지만 그마저도 정리해고 1순위에 놓인다.  그러던 중 국가안보국 예산이 보이스피싱에 털리는 사건이 발생하고 자신의 실수로 벌어진 사건을 조심스레 은폐시키고 싶던 박차장은  비밀리에 영실을 보이스피싱 조직에 잠입시킨다.   그러나 그 곳에는 이미 사건 해결이라면 물불 가리지 않는 경찰청 미친X 형사 ‘나정안’(한채아)이 잠복근무중인데…  직장사수 vs 임무완수 날아간 국가예산을 환수하기 위한 불편하고 수상한 합동수사가 시작된다", "poster_URL": "https://movie-phinf.pstatic.net/20170302_41/1488415864204vXyhe_JPEG/movie_image.jpg"}}, {"pk": 149, "model": "actors.movie", "fields": {"code": "20167902", "title": "보통사람", "sales": "2955113623", "audience": "383098", "open_date": "2017-03-23", "actors": [723, 1395, 74, 5, 32, 18, 1396, 986, 182, 1397, 1398, 1239, 1399, 1400, 1401, 903, 1402, 771, 1000, 121], "genres": [1], "score": "7.95", "summary": "열심히 범인 잡아 국가에 충성하는 강력계 형사이자 사랑하는 아내(라미란),  아들과 함께 2층 양옥집에서 번듯하게 살아보는 것이 소원인 평범한 가장 성진(손현주).  그날도 불철주야 범인 검거에 나섰던 성진은 우연히 검거한 수상한 용의자 태성(조달환)이  대한민국 최초의 연쇄살인범일 수도 있다는 정황을 포착하게 되고,  이로 인해 안기부 실장 규남(장혁)이 주도하는 은밀한 공작에 자신도 모르는 사이 깊숙이 가담하게 된다.  한편, 성진과는 가족과도 같은 막역한 사이인 자유일보 기자 재진(김상호)은  취재 중 이 사건의 수상한 낌새를 눈치채고 성진에게 이쯤에서 손을 떼는 것이 좋겠다고 말하지만,  다리가 불편한 아들의 수술을 약속 받은 성진은 규남의 불편한 제안을 받아들이고 만다.   아버지로서 할 수 밖에 없었던 선택,  이것이 도리어 성진과 가족들을 더욱 위험에 빠트리고 그의 삶을 송두리째 흔들기 시작하는데…   제6회 프랑크푸르트한국영화제 초청 상영 (2017)", "poster_URL": "https://movie-phinf.pstatic.net/20170228_155/1488245330101ewBDc_JPEG/movie_image.jpg"}}, {"pk": 150, "model": "actors.movie", "fields": {"code": "20172401", "title": "왕을 참하라", "sales": "30432800", "audience": "3937", "open_date": "2017-03-16", "actors": [1403, 1404, 1405, 1406, 1407, 1273, 199, 653, 1408, 1409, 1410], "genres": [1], "score": "5.07", "summary": "역사가 기억하는 성종(成宗)은  ‘백성을 편하게 하고 정사를 바로 세운 것’을 치하하는 시호를 얻으며 조선 시대 전체를 통틀어 가장 평화롭고 안정된 조정을 이끈 왕으로 평가 받는다.  하지만 과연 성종은 진정한 성군의 자질을 가진 왕이었을까?  정희왕후와 인수대비, 한명회와 공신들의 협력으로 왕위에 오른 성종. 13살의 왕은 즉위 첫해 73명의 대신을 공신으로 봉했다! 그가 왕이 되어 한없이 기뻤던 사대부들. 그가 왕이 되어 한 맺힌 피눈물을 흘려야 했던 백성.   “이 나라 조선은 나리 같은 허깨비들이 권세로 다스리는 나라입니까?”  태평성대를 꿈꾸던 허수아비 성종, 백성 위에 군림하는 왕을 참하라!", "poster_URL": "https://movie-phinf.pstatic.net/20180328_52/15222266132826GNEq_JPEG/movie_image.jpg"}}, {"pk": 151, "model": "actors.movie", "fields": {"code": "20179442", "title": "밤의 해변에서 혼자", "sales": "401534800", "audience": "52069", "open_date": "2017-03-23", "actors": [625, 1411, 622, 48, 1412, 269, 378, 1413, 1414, 1415, 367, 1416], "genres": [1], "score": "5.66", "summary": "외국 어느 도시. 여배우인 영희는 한국에서 유부남과의 만남이 주는 스트레스를 이기지 못했고,  다 포기하는 길을 택했고, 그게 자신의 순수한 감정에 대한 최소한의 예의라 여겼다.  그는 이곳으로 온다고 했지만, 영희는 그를 의심한다. 지인 집에서 점심을 먹고 같이 해변으로 놀러 간다.  자신을 이해하지 못할 거 같은 선배 언니에게 묻는다. “그 사람도 나처럼 지금 나를 생각하고 있을까?”   한국의 강릉. 지인 몇 사람. 불편하고, 술을 마시고, 그 사람들을 놀라게 하고 싶다. 초연한 척, 거친 척을 하는데 인기가 좋다. 혼자 남은 영희는 해변으로 놀러 가고,  해변은 맘속의 것들이 생생하게 현현하는 곳이고, 그리고 안개처럼 사라지는 곳이다.   사랑은 삶에서 얼마나 중요한 것이어야 할까? 영희는 정말 알고 싶다.", "poster_URL": "https://movie-phinf.pstatic.net/20170309_161/14890242787646H90q_JPEG/movie_image.jpg"}}, {"pk": 152, "model": "actors.movie", "fields": {"code": "20151230", "title": "원라인", "sales": "3312954433", "audience": "434095", "open_date": "2017-03-29", "actors": [165, 1417, 724, 1005, 1133, 236, 1418, 346, 1158, 30, 1239, 1419, 242, 1420, 1421, 1422, 1294, 1254, 1423, 1402, 1424, 1425, 71, 605, 1426, 185, 441], "genres": [2], "score": "8.17", "summary": "평범했던 대학생 ‘민재’는 모든 걸 속여 은행 돈을 빼내는, 일명 ‘작업 대출’계 전설의 베테랑 ‘장 과장’을 만나 업계의 샛별로 거듭난다.  환상의 케미를 자랑하며 돈이란 돈은 모두 쓸어 담던 5인의 신종 범죄 사기단! 그러나, 결코 서로를 믿을 수 없는 사기꾼들은 서서히 다른 속내를 드러내는데…  이름 나이 직업 모든 것을 속여라! 리얼 사기꾼들의 마지막 작업이 펼쳐진다!", "poster_URL": "https://movie-phinf.pstatic.net/20170223_103/1487817429084D0Le6_JPEG/movie_image.jpg"}}, {"pk": 153, "model": "actors.movie", "fields": {"code": "20161923", "title": "시간위의 집", "sales": "1019240600", "audience": "128764", "open_date": "2017-04-05", "actors": [1427, 1428, 28, 102, 1429, 1430, 1215, 951, 1431, 1432, 1208], "genres": [13, 12], "score": "7.59", "summary": "남편과 아들을 살해한 혐의로 체포된 미희는 25년의 수감 생활 후, 사건이 발생한 그 집으로 돌아온다. 유일하게 미희를 믿는 최신부는 그녀를 찾아가 진실을 묻지만, 미희는 ‘그들이 남편을 죽이고, 아이를 데려갔다’는 말만을 되풀이한다. 사건의 진실을 파헤치던 최신부는 그 집에 무언가 있다고 확신하게 된다. 최신부가 집을 떠날 것을 경고한 그날 밤, 홀로 남은 미희는 25년 전 그날처럼 집 안에 또 다른 누군가가 있음을 깨닫는데…", "poster_URL": "https://movie-phinf.pstatic.net/20170323_106/1490234100195y49H0_JPEG/movie_image.jpg"}}, {"pk": 154, "model": "actors.movie", "fields": {"code": "20167901", "title": "어느날", "sales": "1845223082", "audience": "234586", "open_date": "2017-04-05", "actors": [1140, 473, 1324, 139, 1433, 1434, 1355, 1435, 385, 330, 1337, 119, 1436, 1437, 1437], "genres": [3], "score": "7.71", "summary": "아내가 죽은 후 삶의 희망을 잃고 살아가던 보험회사 과장 ‘강수’. 회사로 복귀한 그는 교통사고로 혼수상태에 빠진 ‘미소’의 사건을 맡게 된다. ‘강수’는 사고 조사를 위해 병원을 찾아가고, 그 곳에서 스스로 ‘미소’라고 주장하는 한 여자를 만나게 된다. 자꾸만 자신에게만 보이는 ‘미소’를 수상하게 여긴 ‘강수’는 그녀가 다른 사람들 눈에 보이지 않는 영혼이라는 사실을 알게 되는데…  “제가 보여요?” 어느날, 새로운 세상이 보이기 시작했다  교통사고 후 의식을 잃었다가 병원에서 깨어난 ‘미소’는 병실에 누워있는 자신의 모습을 보고 스스로가 영혼이 되었다는 사실을  깨닫게 된다. 생전 처음 새로운 세상을 보기 시작한 ‘미소’는 유일하게 자신을 볼 수 있는 ‘강수’를 만나게 되고 그동안 간절히 이루고 싶었던 소원을 들어달라고 부탁하는데..", "poster_URL": "https://movie-phinf.pstatic.net/20170317_251/1489740465672uWKkN_JPEG/movie_image.jpg"}}, {"pk": 155, "model": "actors.movie", "fields": {"code": "20172863", "title": "원스텝", "sales": "9672000", "audience": "1209", "open_date": "2017-04-06", "actors": [1438, 1439, 1440, 18, 1441, 1442, 1443, 1444, 559, 1446, 1447, 1448, 1449], "genres": [1], "score": "5.50", "summary": "교통사고로 기억을 잃는 순간 ‘시현’에게 남들보다 조금 더 화려해지고 복잡한 세상이 펼쳐졌다 잃어버린 기억의 조각을 찾기 위해 우연히 만난 천재 작곡가 ‘지일’과 함께  세상을 향해 한 걸음 나아가는데…", "poster_URL": "https://movie-phinf.pstatic.net/20170316_89/1489651625999tkl3K_JPEG/movie_image.jpg"}}, {"pk": 156, "model": "actors.movie", "fields": {"code": "20172381", "title": "다시, 벚꽃", "sales": "49773400", "audience": "6117", "open_date": "2017-04-06", "actors": [1450, 1451, 1452, 1453, 1454, 178], "genres": [14], "score": "9.14", "summary": "매년 봄, 거리마다 울려 퍼지는 봄캐럴 ‘벚꽃엔딩’의 주인공 장범준.  ‘버스커 버스커’의 활동 중단 후 오직 음악 작업실과 버스킹 무대를 오가며 완성한 그의 앨범은  다시 한 번 음원차트 상위권을 섭렵, 음원깡패의 저력을 보여준다.   악보를 볼 줄 모르고, 계이름으로 소통할 수도 없었던 뮤지션이  한계를 모르는 아티스트가 될 수 있었던 그의 진솔한 이야기가 시작된다.", "poster_URL": "https://movie-phinf.pstatic.net/20170308_233/1488958878102h2Uq3_JPEG/movie_image.jpg"}}, {"pk": 157, "model": "actors.movie", "fields": {"code": "20151227", "title": "아빠는 딸", "sales": "5044941895", "audience": "645553", "open_date": "2017-04-12", "actors": [374, 1455, 1456, 615, 650, 1457, 612, 1458, 1459, 1273, 1460, 114, 1304, 771], "genres": [5], "score": "8.06", "summary": "딸이 꿈꾸던 첫 데이트가 현실이 되던 찰나, 아빠가 절실한 승진의 기회를 잡나 싶던 그때 두 사람의 몸이 바뀌는 청천벽력 같은 일이 벌어진다!  서로의 몸으로 살아야 하는 아빠와 딸. 첫사랑 사수 vs 직장 사수를 위해 상상을 초월한 노력을 하지만 상황은 오히려 꼬여만 가고, 사생활은 물론 마음까지 엿보게 되면서 서로 몰랐던 점을 점점 알아가게 되는데...", "poster_URL": "https://movie-phinf.pstatic.net/20170323_62/1490230691455MpGoC_JPEG/movie_image.jpg"}}, {"pk": 158, "model": "actors.movie", "fields": {"code": "20173301", "title": "서서평, 천천히 평온하게", "sales": "870262400", "audience": "122117", "open_date": "2017-04-26", "actors": [1461, 1462, 1463, 1465, 1466, 1467, 1468, 1469, 1470], "genres": [14], "score": "9.18", "summary": "약 100여 년 전, 가난하고 억압받던 조선 땅에 '작은 예수'라 불리는 파란 눈의 여인이 있었다.  나환자와 걸인, 무지하고 힘없는 여성들의 어머니 ‘서서평’ 선교사. 이일학교(한일장신대학교 전신),  조선간호부회(대한간호협회 전신), 여전도회연합회 등을 창설하여 여성운동과 간호 분야에 힘쓴 그녀는  고아 14명을 자녀 삼고, 오갈 곳 없는 과부 38명과 한집에 머물렀다. 상처 많았던 그녀가 낯선 땅을 품고,  조선의 작은 밀알이 되어 상한 영혼들을 치유하기까지…  한 여인의 슬픔과 한 그리스도인의 뜨거움, 한 선교사의 치열함으로 가득한 이야기가 찾아온다.", "poster_URL": "https://movie-phinf.pstatic.net/20170320_65/1489970121837vBFPN_JPEG/movie_image.jpg"}}, {"pk": 161, "model": "actors.movie", "fields": {"code": "20174561", "title": "더 플랜", "sales": "257509207", "audience": "33355", "open_date": "2017-04-20", "actors": [1474], "genres": [14], "score": "8.85", "summary": "지난 18대 대선을 되짚어보자.  전국 13,500여 개 투표소의 투표함들은 251개의 개표소로 이동됐고,  1,300 여대의 ‘전자 개표기’에 의해 분류됐다. 그렇게 분류된 데이터를 위원장이 공표하고, 이후 전국에 방송된다.  그런데 이상한 일이 일어났다.  전국 251개의 모든 개표소에서 같은 패턴을 가지고 등장하는 ‘어떤 숫자’를 발견한 것. 과학자, 수학자, 통계학자, 국내외 해커들이 모두 뭉쳐  이 수상한 숫자의 비밀을 파헤치기 시작했다.  추적 결과, 그들은 소름 끼치도록 놀랍고 충격적인 사실을 발견하는데….", "poster_URL": "https://movie-phinf.pstatic.net/20170412_173/1491959905447VUvV0_JPEG/movie_image.jpg"}}, {"pk": 162, "model": "actors.movie", "fields": {"code": "20161726", "title": "임금님의 사건수첩", "sales": "12632234223", "audience": "1631220", "open_date": "2017-04-26", "actors": [1475, 378, 561, 235, 42, 641, 1476, 1477, 1478, 199, 1479, 1239, 1480, 1481, 435, 384, 1482, 419, 1337, 1483, 250, 1402, 1484, 1269, 1031, 1390, 1485, 747, 1486, 1051], "genres": [5, 15, 6], "score": "7.71", "summary": "모든 사건은 직접 파헤쳐야 직성이 풀리는 총명한 왕 ‘예종’(이선균). 그를 보좌하기 위해 학식, 가문, 외모(?)는 물론  한 번 본 것은 절대 잊지 않는 비상한 재주까지 겸비한 신입사관 ‘이서’가 임명된다.  하지만 의욕과 달리 어리바리한 행동을 일삼던 이서는  예종의 따가운 눈총을 한 몸에 받으며 고된 궁궐 생활을 시작한다.   때마침 한양에 괴이한 소문이 돌기 시작하고, 예종은 모든 소문과 사건이 심상치 않음을 직감한다. 예종과 이서는 모든 과학적 지식과 견문을 총동원, 괴소문의 실체를 파헤치기 위해 나서는데…!   사건 쫓는 임금 X 임금 쫓는 신입사관 궁 넘고 담 넘는 유쾌한 과학수사가 시작된다!", "poster_URL": "https://movie-phinf.pstatic.net/20170426_111/14931684846956pCQV_JPEG/movie_image.jpg"}}, {"pk": 163, "model": "actors.movie", "fields": {"code": "20162871", "title": "특별시민", "sales": "10481561945", "audience": "1359956", "open_date": "2017-04-26", "actors": [73, 60, 207, 150, 5, 474, 1487, 1488, 451, 1249, 1489, 1490, 1491, 1492, 455, 454, 1313, 1493, 1494, 715, 656, 526, 1256, 1269, 1495, 361, 1496, 1497, 1457], "genres": [1], "score": "7.38", "summary": "오직 서울만 사랑하는, 발로 뛰는 서울시장 ‘변종구’(최민식) 하지만 실은 어느 정치인보다도 최고 권력을 지향하며 이미지 관리에 철저한 정치 9단이다.  선거 공작의 일인자인 선거대책본부장 ‘심혁수’(곽도원)를 파트너로 삼고,  겁없이 선거판에 뛰어든 젊은 광고 전문가 ‘박경’(심은경)까지 새롭게 영입한 변종구는 차기 대권을 노리며, 헌정 사상 최초의 3선 서울시장에 도전한다.  하지만 상대 후보들의 치열한 공세에 예기치 못했던 사건들까지 일어나며 변종구의 3선을 향한 선거전에 위기가 거듭되는데...  선거는 전쟁, 정치는 쇼! 1,029만 명의 마음을 빼앗기 위한 또 한 번의 쇼가 시작된다!", "poster_URL": "https://movie-phinf.pstatic.net/20170419_128/1492582031650Pk5Iq_JPEG/movie_image.jpg"}}, {"pk": 164, "model": "actors.movie", "fields": {"code": "20162722", "title": "보안관", "sales": "20838585409", "audience": "2587648", "open_date": "2017-05-03", "actors": [204, 628, 545, 239, 30, 1498, 1499, 1500, 1324, 215, 688, 1070, 1501, 1371, 1256, 147, 1502], "genres": [2, 5], "score": "7.89", "summary": "과잉 수사로 잘리고 낙향한 전직 형사 대호(이성민) 보안관을 자처하며 바다만큼 드넓은 오지랖으로 고향 ‘기장’ 을 수호한다. 평화롭던 동네에 비치타운 건설을 위해 성공한 사업가 종진(조진웅)이 서울에서 내려온 그때, 인근 해운대에 마약이 돌기 시작한다.  종진의 모든 행보가 의심스러운 대호는 그를 마약사범으로 의심해 처남 덕만(김성균)을 조수로 ‘나 홀로 수사’에 나서지만 민심은 돈 많고 세련된 종진에게로 옮겨간 지 오래…  두고 봐라, 이래 당하고만 있겠나. 게임은 인자 시작이다!", "poster_URL": "https://movie-phinf.pstatic.net/20170404_270/14912701138864TMXE_JPEG/movie_image.jpg"}}, {"pk": 165, "model": "actors.movie", "fields": {"code": "20174165", "title": "극장판 또봇: 로봇군단의 습격", "sales": "1077291000", "audience": "139882", "open_date": "2017-04-27", "actors": [1503, 941, 937, 1504, 1505, 1506, 1507, 1490, 215, 1508, 1509, 1510, 1511, 420, 1512, 1513, 1514, 1515, 1515, 1516], "genres": [7], "score": "9.34", "summary": "제주도로 여행을 떠난 아빠 ‘도운’과 쌍둥이 형제 ‘하나’와 ‘두리’.\r 즐거운 시간도 잠시, 일을 하겠다며 떠난 아빠에 서운함을 느낀다.\r 한편, 제주도는 정체불명의 로봇군단에게 습격을 받고,\r 이를 구하고자 나선 또봇과 친구들은 악당 로봇이 되어 공격해오는 아빠와 마주하게 되는데…!\r \r 인간을 로봇으로 만들려는 악당의 음모에 맞서 아빠를 구하라!", "poster_URL": "https://movie-phinf.pstatic.net/20170403_18/14911863568994AIQc_JPEG/movie_image.jpg"}}, {"pk": 166, "model": "actors.movie", "fields": {"code": "20173061", "title": "슈퍼 빼꼼: 스파이 대작전", "sales": "702857900", "audience": "98020", "open_date": "2017-05-03", "actors": [1517, 1518, 1519, 823, 1520, 1521, 1522, 1523], "genres": [7, 5], "score": "8.34", "summary": "국가정보국 청소부로 일하고 있지만 ‘최고의 스파이’를 꿈꾸는 허당곰 ‘빼꼼’.\r 어느 날 정체불명의 악당들이 나타나 얼음 폭탄으로 지구를 위협한다. \r 하지만 악당들의 기지인 ‘폴라스타’에 잠입할 수 있는 것은 오직 ‘빼꼼’뿐!\r 예상치 못했던 불가능한 미션과 맞닥뜨리게 된 ‘빼꼼’은 ‘슈퍼 브레인칩’을 장착하고, \r 고도의 훈련을 받으며 잠재되어 있던 능력을 서서히 발휘하기 시작하는데……\r \r 과연 ‘빼꼼’은 악당의 리더인 ‘화이트’에 맞서 얼어붙을 위기에 처한 지구를 구할 수 있을까?\r \r 최강 스파이로 다시 태어난 ‘빼꼼’의 좌충우돌 미션이 시작된다!", "poster_URL": "https://movie-phinf.pstatic.net/20170328_207/1490661900196ObqpA_JPEG/movie_image.jpg"}}, {"pk": 167, "model": "actors.movie", "fields": {"code": "20156708", "title": "석조저택 살인사건", "sales": "2823738886", "audience": "352842", "open_date": "2017-05-09", "actors": [1524, 1307, 288, 269, 232, 1525, 452, 1526, 1355, 1355, 1527, 1528, 1529, 1530, 1531, 1532, 771, 771, 1533, 1534, 1249, 1249, 1535, 1317, 1536, 1097, 748], "genres": [12], "score": "7.28", "summary": "해방 후 경성, 거대한 석조저택에서 두 남자가 마주한다. 그리고 울린 여섯 발의 총성.  최초 신고자의 전화를 받고 경찰이 출동하고,  운전수 ‘최승만’을 살해한 혐의로 경성 최고의 재력가 ‘남도진’이 체포된다.  하지만 현장에 남은 건 사체를 태운 흔적과 핏자국, 그리고 잘려나간 손가락 뿐.  미스터리한 석조저택 살인사건을 두고 치열한 법정공방이 벌어지는데…   정체불명의 운전수 최승만(고수)  경성 최고의 재력가 남도진(김주혁)  사건을 무마하려는 변호사(문성근)  유죄를 입증하려는 검사(박성웅)  치밀하게 계획되고 잔인하게 실행된 살인사건!  이 모든 것은 누군가가 설계한 속임수다!", "poster_URL": "https://movie-phinf.pstatic.net/20170417_186/149240333802514kQW_JPEG/movie_image.jpg"}}, {"pk": 168, "model": "actors.movie", "fields": {"code": "20164844", "title": "불한당: 나쁜 놈들의 세상", "sales": "7667057125", "audience": "953099", "open_date": "2017-05-17", "actors": [1308, 165, 561, 1537, 25, 375, 1538, 1539, 1540, 1541, 1542, 1543, 1544, 1545, 1371, 330, 1546, 1402, 1547, 1548, 1446, 1549, 1425, 1550], "genres": [2, 6, 1], "score": "6.24", "summary": "범죄조직의 1인자를 노리는 재호와 세상 무서운 것 없는 패기 넘치는 신참 현수는 교도소에서 만나 서로에게 끌리고 끈끈한 의리를 다져간다. 출소 후, 함께 권력을 차지하기 위해 의기투합하던 중, 두 사람의 숨겨왔던 야망이 조금씩 드러나고, 서로에 대해 새로운 사실을 알게 되면서 그들의 관계는 흔들리기 시작하는데…  믿는 놈을 조심하라! 믿음의 순간 배신은 이미 시작되었다!", "poster_URL": "https://movie-phinf.pstatic.net/20170517_137/1494988360843qAvzP_JPEG/movie_image.jpg"}}, {"pk": 169, "model": "actors.movie", "fields": {"code": "20174644", "title": "길", "sales": "69046600", "audience": "15108", "open_date": "2017-05-11", "actors": [1551, 1552, 45, 47, 1553, 554, 1554], "genres": [1], "score": "8.13", "summary": "집에 찾아오는 손님을 정성껏 맞아주는 친절한 순애씨 한평생 느껴보지 못한 사랑에 눈을 뜬 수줍은 상범씨 절망 끝에서 삶을 되찾으려는 따뜻한 수미씨.  여전히 새로운 시작과 사랑을 꿈꾸는 그들의 진심 어린 고백이 시작됩니다.", "poster_URL": "https://movie-phinf.pstatic.net/20170510_193/1494404605858mYotu_JPEG/movie_image.jpg"}}, {"pk": 170, "model": "actors.movie", "fields": {"code": "20167829", "title": "마차 타고 고래고래", "sales": "71125000", "audience": "8492", "open_date": "2017-05-18", "actors": [281, 358, 1555, 1556, 1557, 628, 1558, 1559, 1560, 1561, 1330, 1562, 1563, 1564, 1565, 1566, 1567], "genres": [1], "score": "8.00", "summary": "고등학교 시절 밴드 1번 국도의 멤버이자 절친인 호빈, 민우, 병태, 영민. 순수하게 음악만을 꿈꿨던 10대 때와는 달리 어른이 된 현재의 삶은 팍팍하기만 하다.  결국 음악을 포기하기로 한 민우는 마지막으로 어린 시절 꿈이었던 뮤직페스티벌 무대에 서기로 결심하고, 10년 째 무명배우인 호빈, 첫사랑의 상처로 실어증에 걸린 영민, 밴드를 하고 싶어하는 병태와 당나귀 짱아도 1번 국도의 마지막 버스킹 여행에 합류한다.  네 친구는 전라남도 목포부터 뮤직페스티벌이 열리는 경기도 가평까지  한 달간 걸어서 가겠다는 무모한 결심을 하는데…", "poster_URL": "https://movie-phinf.pstatic.net/20170419_166/1492565713285y1qx4_JPEG/movie_image.jpg"}}, {"pk": 171, "model": "actors.movie", "fields": {"code": "20174602", "title": "노무현입니다", "sales": "14554274612", "audience": "1854768", "open_date": "2017-05-25", "actors": [1073, 1568], "genres": [14], "score": "6.50", "summary": "1981년, ‘부림사건’의 변호인 1988년, ‘청문회 스타’ 제13대 국회의원 1998년, ‘오뚝이 인생’ 제15대 국회의원 2002년, ‘꼴찌의 반란’ 대선후보 선출 2003~2008년, 제16대 대한민국 대통령 재임 2009년 5월 23일, 서거  그로부터 10년- 바보 대통령 故 노무현, 그를 기억하고 그리워하는 사람들의 이야기.", "poster_URL": "https://movie-phinf.pstatic.net/20190403_169/1554258188558HJpR3_JPEG/movie_image.jpg"}}, {"pk": 172, "model": "actors.movie", "fields": {"code": "20169348", "title": "대립군", "sales": "6269365402", "audience": "836400", "open_date": "2017-05-31", "actors": [761, 1569, 1570, 290, 1571, 1572, 1573, 194, 1574, 753, 90, 215, 1575, 989, 1576, 1577, 1578, 85, 72, 1579, 1153, 1026, 908, 250, 1047, 366, 1257, 1580], "genres": [1, 4], "score": "7.28", "summary": "1592년 임진왜란이 발발하자, 선조는 어린 ‘광해’(여진구)에게 조정을 나눈 ‘분조’를 맡기고 의주로 피란한다.   임금 대신 의병을 모아 전쟁에 맞서기 위해 머나 먼 강계로 떠난 광해와 분조 일행은 남의 군역을 대신하며 먹고 사는 대립군들을 호위병으로 끌고간다.   대립군의 수장 ‘토우’(이정재)와 동료들은 광해를 무사히 데려다주고 공을 세워 비루한 팔자를 고치기 위해 위험을 무릅쓴다.   하지만 정체불명의 자객 습격과 왕세자를 잡으려는 일본군의 추격에 희생이 커지면서 서로 간에 갈등은 점점 깊어만 가는데…", "poster_URL": "https://movie-phinf.pstatic.net/20170517_96/1494981290836uRBeN_JPEG/movie_image.jpg"}}, {"pk": 173, "model": "actors.movie", "fields": {"code": "20175021", "title": "쇠파리", "sales": "29991600", "audience": "3913", "open_date": "2017-05-25", "actors": [149, 135, 305, 1581, 1582, 1583, 1584, 1585, 1585, 1586, 1587, 1587, 1588, 1589, 1590, 1591, 1591, 1592, 1593, 1594, 1595, 1596, 1597, 1501, 1295, 1598, 1599, 999, 1600, 1600, 502, 1601, 178, 178, 467, 1602, 1603, 1604, 1604, 1534, 1446, 1605, 1606, 1607, 1608], "genres": [2, 1], "score": "5.70", "summary": "구청에서 근무하는 '해욱'(김진우)은 '수경'(이연두)과 결혼을 앞두고 있다. 소박하지만 행복했던 그의 일상은 아버지와 누나가 '서우SPR'이란 불법 금융 다단계 회사에 속아 큰 피해를 입게 되면서 차츰 무너져간다. 해욱은 피해자 모임을 찾아가며 사건 해결을 위해 노력하지만, 진전 없이 제자리걸음이다. 결국 아무 것도 해결되지 않은 이 사건은 피의자인 주회장의 거짓 죽음 소식으로 일단락 될 위기에 놓이는데...   더 이상 잃을 것 없는 해욱은 그를 찾기 위해 베트남 비행기에 몸을 싣는다.", "poster_URL": "https://movie-phinf.pstatic.net/20170504_98/1493867074920jqDUB_JPEG/movie_image.jpg"}}, {"pk": 174, "model": "actors.movie", "fields": {"code": "20175581", "title": "파워배틀 와치카: 와치가면의 역습", "sales": "157342000", "audience": "22117", "open_date": "2017-06-01", "actors": [129, 260, 850], "genres": [7], "score": "8.43", "summary": "히어로즈컵 챔피언이 된 ‘지노’에게 배달된 의문의 편지 한 통! 그건 바로 난폭하기로 소문난 ‘얼티메이트 와치카 배틀리그(UWB)’ 초대장이었다. 드디어 UWB 경기가 있던 날 경기를 관람하고 집에 가는 길에 정체불명의 괴한들에게 ‘지노’의 와치카인 블루윌이 납치당하지만 우여곡절 끝에 블루윌을 되찾게 된다.  괴한들의 정체를 알게 된 ‘지노’는 그들의 음모를 막기 위해 정체를 숨긴 채 ‘와치가면’이 되어  블루썬더로 변신한 블루윌과 함께 UWB에 참가하게 되는데…   과연 와치가면은 UWB에서 새로운 영웅으로 등극할 것인가?", "poster_URL": "https://movie-phinf.pstatic.net/20170510_227/1494376257195yLegS_JPEG/movie_image.jpg"}}, {"pk": 175, "model": "actors.movie", "fields": {"code": "20160483", "title": "꿈의 제인", "sales": "187032600", "audience": "22763", "open_date": "2017-05-31", "actors": [555, 1609, 1047, 966, 1610, 204, 1611], "genres": [1], "score": "8.60", "summary": "혼자 남겨지는 것이 두려운 소녀 ‘소현’은 어떻게든 사람들과 어울리기 위해 매일 안간힘을 쓴다. 하지만 그런 ‘소현’을 받아주는 것은 ‘정호’ 오빠뿐이다. ‘정호’마저 소현을 떠나고 누구라도 자신을 찾아주길 바라던 어느 날, 꿈결처럼 미스터리한 여인 '제인'이 나타나고, 그날 이후 소현은 조금씩 ‘제인’과의 시시한 행복을 꿈꾸기 시작한다.", "poster_URL": "https://movie-phinf.pstatic.net/20170502_39/1493699170591BDvSH_JPEG/movie_image.jpg"}}, {"pk": 176, "model": "actors.movie", "fields": {"code": "20168041", "title": "용순", "sales": "74493200", "audience": "10120", "open_date": "2017-06-08", "actors": [656, 1612, 1117, 344, 1613, 1614, 1015, 1615, 1490, 1616, 1617, 1617, 1618, 1619, 1620], "genres": [1], "score": "6.75", "summary": "열여덟 용순은 육상부 담당 체육 선생과 사랑에 빠진다.  하지만 체육에게 왠지 다른 여자가 생긴 것 같다.  엄마 같은 친구 문희와 원수 같은 친구 빡큐가 합심해서 뒤를 캐어보지만, 도통 실마리가 잡히지 않는다. 설상가상으로 아빠라는 사람은 엄마 없는 딸을 위한답시고 몽골에서 새 엄마를 데리고 왔다.  유난히 뜨거웠고 무던히도 달렸던 그 여름, 사랑과 처음 만난 소녀, 용순.", "poster_URL": "https://movie-phinf.pstatic.net/20170522_194/1495417772181zuBOy_JPEG/movie_image.jpg"}}, {"pk": 177, "model": "actors.movie", "fields": {"code": "20177223", "title": "청춘 합창단 - 또 하나의 꿈", "sales": "10208000", "audience": "1276", "open_date": "2017-06-15", "actors": [1621, 720, 1622, 1623, 1624], "genres": [14], "score": "8.33", "summary": "2011년 KBS 예능프로그램 <남자의 자격>을 통해 구성된 \r 대한민국 최초의 시니어 합창단. '청춘합창단'\r 김태원 지휘자가 작곡한 아카펠라 곡 <사랑이라는 이름을 더하여>를 부르는 \r 청춘 합창단 한 사람 한 사람의 모습에서 85세, 최고령자 노강진 할머니의 솔로가\r 이어진다.\r \r 다가오라.. 지나온 시간처럼.. 노강진 할머니의 모습에서 관객들은 눈물을 쏟아낸다. \r 그렇게 3개월의 꿈같은 시간이 흐르고 김태원 지휘자와 청춘 합창단은 \r 이별의 시간을 맞이하지만 그들에겐 끝이 아니고 시작이었다.\r \r 방송 후 2015년 6월 15일. 미국 뉴욕 UN 본부\r 평균연령 65세 시니어 합창단의 공연에 \r 전세계를 대표하는 이들의 얼굴 가득 미소가 번진다.\r \r 말로는 다 하지 못했던 그들의 이야기가 다시 시작된다.", "poster_URL": "https://movie-phinf.pstatic.net/20170523_168/14955071492502t5FE_JPEG/movie_image.jpg"}}, {"pk": 178, "model": "actors.movie", "fields": {"code": "20162343", "title": "악녀", "sales": "9733782844", "audience": "1207119", "open_date": "2017-06-08", "actors": [1625, 856, 1626, 1627, 1628, 1629, 377, 62, 1630, 1631, 1632, 759, 1633, 215, 1634, 893, 104, 1635, 1313, 1636, 1637, 1638, 1639, 114, 713, 524, 599, 756, 908, 1535, 1640, 1641, 1642], "genres": [6], "score": "6.95", "summary": "어린 시절부터 킬러로 길러진 숙희. 그녀는 국가 비밀조직에 스카우트되어 새로운 삶을 살 기회를 얻는다.  “10년만 일해주면 넌 자유야. 하지만 가짜처럼 보이는 순간, 그땐 우리가 널 제거한다”  살기 위해 죽여야만 하는 킬러 숙희 앞에 진실을 숨긴 의문의 두 남자가 등장하고, 자신을 둘러싼 엄청난 비밀에 마주하게 되면서 운명에 맞서기 시작하는데...  \"보여줄게, 내가 어떻게 만들어졌는지\"", "poster_URL": "https://movie-phinf.pstatic.net/20170510_67/1494379581052e3Eqd_JPEG/movie_image.jpg"}}, {"pk": 179, "model": "actors.movie", "fields": {"code": "20175601", "title": "나는 고양이로소이다", "sales": "36652900", "audience": "4348", "open_date": "2017-06-08", "actors": [1643, 1644, 1645], "genres": [14], "score": "9.04", "summary": "안냥! 나는 서울의 길고양이~야옹! 다들 길 위에서 야옹다옹 살아가는 나를 본 적 있지?  저 멀리 바다 건너 대만에는 관광 명소가 된 ‘고양이 마을’이 있고, 이웃 나라 일본에는 사람보다 고양이가 더 많이 사는 ‘고양이 섬’이 있다던데 나도 일본냥, 대만냥처럼 행복하게 살고 싶다옹~ 그곳 친구들은 방법을 알고 있을까?  길 위에서도 사람들과 함께 꽁냥꽁냥 잘 살아갈 묘안을 찾기 위해 여행을 떠나기로 결심했다옹! 대만, 일본 찍고 다시 한국으로~ 어때?", "poster_URL": "https://movie-phinf.pstatic.net/20170530_227/14961053788418vATl_JPEG/movie_image.jpg"}}, {"pk": 180, "model": "actors.movie", "fields": {"code": "20166384", "title": "하루", "sales": "9070690342", "audience": "1129233", "open_date": "2017-06-15", "actors": [446, 1157, 39, 630, 237, 199, 248], "genres": [12], "score": "7.06", "summary": "전쟁의 성자라 불리는 의사 ‘준영’(김명민)은 딸의 생일 날 약속 장소로 향하던 중,  대형 교통 사고 현장에서 죽어있는 딸 ‘은정’(조은형)을 발견한다.  충격도 잠시, 다시 눈을 떴을 때 그는 딸의 사고 2시간 전으로 돌아가 있다.  어떻게 해서든 그 날의 사고를 막으려 하지만 결과는 바뀌지 않고   매일 딸이 죽는 지옥 같은 하루를 반복하던 어느 날,  ‘준영’ 앞에 그처럼 사고로 아내를 잃은 그 날을 반복하고 있다는 남자 ‘민철’(변요한)이 나타난다.   “당신 뭐야? 다 똑같은데 왜 당신만 달라?”  이유도 모른 채 끔찍한 사고의 시간 속에 갇힌 두 사람은 힘을 합쳐  하루의 끝을 바꾸기로 하지만 어떻게 해도 죽음은 막지 못한다.  사랑하는 이의 죽음을 매일 눈 앞에서 지켜볼 수 밖에 없어 절망하는 두 사람 앞에  자신이 ‘준영’의 딸을 죽인 범인이라고 말하는 의문의 남자가 나타난다.  ‘준영’과 ‘민철’은 이 사고가 단순한 사고가 아니라 다른 비밀이 숨겨져 있음을 깨닫는데……   살려야 한다! 하루를 바꿔서라도! 두 남자의 처절한 사투가 시작된다.", "poster_URL": "https://movie-phinf.pstatic.net/20170515_244/1494811036725cqdRH_JPEG/movie_image.jpg"}}, {"pk": 181, "model": "actors.movie", "fields": {"code": "20178982", "title": "박열", "sales": "18091543795", "audience": "2358774", "open_date": "2017-06-28", "actors": [544, 267, 264, 722, 1646, 432, 701, 1647, 1648, 1649, 1650, 1651, 1652, 1579, 1177, 1653, 1654, 467, 1655, 1095, 1602, 1080, 1656, 1657, 1658, 1242, 273, 674], "genres": [1], "score": "8.09", "summary": "1923년, 관동대지진 이후 퍼진 괴소문으로 6천여 명의 무고한 조선인이 학살된다.  사건을 은폐하기 위해, 관심을 돌릴 화젯거리가 필요했던 일본내각은  '불령사'를 조직해 항일운동을 하던 조선 청년 '박열'을 대역사건의 배후로 지목한다.   \"그들이 원하는 영웅이 돼줘야지\"   일본의 계략을 눈치챈 '박열'은 동지이자 연인인 가네코 후미코와 함께  일본 황태자 폭탄 암살 계획을 자백하고, 사형까지 무릅쓴 역사적인 재판을 시작하는데....   조선인 최초의 대역죄인!  말 안 듣는 조선인 중 가장 말 안 듣는 조선인!   역사상 가장 버릇없는 피고인!  일본 열도를 발칵 뒤집은 사상 초유의 스캔들!  그 중심에 '박열'이 있었다!", "poster_URL": "https://movie-phinf.pstatic.net/20170607_7/1496812951145IU2Bn_JPEG/movie_image.jpg"}}, {"pk": 182, "model": "actors.movie", "fields": {"code": "20149571", "title": "중독노래방", "sales": "68445800", "audience": "8750", "open_date": "2017-06-15", "actors": [616, 1659, 1660, 1661, 1662, 1663, 1664, 1665, 115, 954], "genres": [13, 9], "score": "8.44", "summary": "손님이라곤 파리 한 마리도 날리지 않는 ‘중독노래방’ 도우미를 구하게 되면서 조금씩 손님이 늘기 시작한다! 그러던 중 연쇄살인범이 나타났단 소문이 돌고,  노래방 사람들의 비밀이 하나씩 밝혀지는데...", "poster_URL": "https://movie-phinf.pstatic.net/20170609_286/1496986042112JiwO6_JPEG/movie_image.jpg"}}, {"pk": 183, "model": "actors.movie", "fields": {"code": "20159647", "title": "리얼", "sales": "3356547530", "audience": "469950", "open_date": "2017-06-28", "actors": [1666, 607, 204, 1667, 30, 25, 26, 1668, 1669, 748, 1670, 1671, 1672, 1673, 1674, 1675, 53, 1676, 1676, 204, 1677, 1678, 1080, 1679, 1063, 1680, 1681, 1682, 441], "genres": [6], "score": "4.23", "summary": "카지노 ‘시에스타’ 오픈을 앞둔 조직의 보스 장태영(김수현) 앞에  암흑가 대부 조원근(성동일)이 카지노의 소유권을 주장하며 나타난다. 조원근의 개입으로 카지노를 빼앗길 위기에 처한 장태영은 자금 문제를 해결하기 위해 투자자를 찾아 나선다.   어느 날, 이름뿐만 아니라 생김새마저 똑같은 의문의 투자자(김수현)가 나타나 자금은 물론 조원근까지 해결해주겠다는 제안을 한다. 의문의 투자자의 등장으로 조원근과 카지노를 차지하기 위한 전쟁이 시작되고 이들을 둘러 싼 거대한 비밀과 음모의 정체가 서서히 드러난다.  오직 진짜만이 모든 것을 갖는다!", "poster_URL": "https://movie-phinf.pstatic.net/20170711_219/1499751320623KIYIh_JPEG/movie_image.jpg"}}, {"pk": 184, "model": "actors.movie", "fields": {"code": "20174243", "title": "직지코드", "sales": "57587200", "audience": "8644", "open_date": "2017-06-28", "actors": [1683, 1684, 1685, 1686], "genres": [14], "score": "8.92", "summary": "주인공 ‘데이빗’과 제작진은 동양과 서양 금속활자 발명 사이의 숨겨진 관계를 밝히기 위해 유럽으로 향한다.  고려시대 세계 최초의 금속활자본 [직지]를 소장중인 프랑스 국립도서관에서  알 수 없는 이유로 열람을 거부당한 제작진은 이탈리아, 스위스, 독일, 그리고 한국에 이르기까지  놀라운 추적을 이어나가게 되는데…  역사를 뒤집는 프로젝트가 시작된다!", "poster_URL": "https://movie-phinf.pstatic.net/20170612_192/14972435579293xTMk_JPEG/movie_image.jpg"}}, {"pk": 185, "model": "actors.movie", "fields": {"code": "20176102", "title": "그 후", "sales": "131108808", "audience": "17166", "open_date": "2017-07-06", "actors": [48, 625, 373], "genres": [1], "score": "6.45", "summary": "첫 출근날, 아름은 사장인 봉완의 헤어진 여자 자리에서 일하게 된다. 사랑의 노트가  발견되고, 봉완의 처가 회사로 찾아 오고, 아름은 헤어진 여자로 오해를 받는다. 결국 아름은 그날 회사를 그만 둘 수 밖에 없게 되는데…", "poster_URL": "https://movie-phinf.pstatic.net/20170621_47/1498034379629wpGB6_JPEG/movie_image.jpg"}}, {"pk": 187, "model": "actors.movie", "fields": {"code": "20162869", "title": "택시운전사", "sales": "95867972649", "audience": "12189025", "open_date": "2017-08-02", "actors": [907, 917, 1687, 1003, 212, 612, 1023, 1688, 1689, 394, 1690, 435, 1691, 1384, 1692, 999, 147, 1047, 1693, 1694, 1695, 1696, 1010, 220, 185, 352], "genres": [1], "score": "9.04", "summary": "택시운전사 만섭(송강호)은 외국손님을 태우고 광주에 갔다 통금 전에 돌아오면  밀린 월세를 갚을 수 있는 거금 10만원을 준다는 말에  독일기자 피터(토마스 크레취만)를 태우고 영문도 모른 채 길을 나선다.  광주 그리고 사람들. “모르겄어라, 우덜도 우덜한테 와 그라는지…” 어떻게든 택시비를 받아야 하는 만섭의 기지로 검문을 뚫고 겨우 들어선 광주.  위험하니 서울로 돌아가자는 만섭의 만류에도  피터는 대학생 재식(류준열)과 황기사(유해진)의 도움 속에 촬영을 시작한다.  그러나 상황은 점점 심각해지고 만섭은 집에 혼자 있을 딸 걱정에 점점 초조해지는데…", "poster_URL": "https://movie-phinf.pstatic.net/20170717_298/1500253295782rcIkE_JPEG/movie_image.jpg"}}, {"pk": 188, "model": "actors.movie", "fields": {"code": "20164643", "title": "재꽃", "sales": "24737500", "audience": "3414", "open_date": "2017-07-06", "actors": [1697, 1698, 1699, 1700, 966, 1701, 1702, 1703], "genres": [1], "score": "8.42", "summary": "한적한 시골 마을에서 평범한 삶을 보내고 있는 하담(정하담)에게  한 번도 만나본 적 없는 아빠를 찾겠다며 자신과 꼭 닮은 열한 살 소녀, 해별(장해금)이 찾아온다 .  고요했던 마을은 해별의 등장과 함께 복잡미묘한 감정들이 소용돌이 치게 되는데…", "poster_URL": "https://movie-phinf.pstatic.net/20170619_115/1497853194802CYQzl_JPEG/movie_image.jpg"}}, {"pk": 189, "model": "actors.movie", "fields": {"code": "20161481", "title": "군함도", "sales": "50503780168", "audience": "6591193", "open_date": "2017-07-26", "actors": [1, 1704, 1705, 1706, 1707, 1080, 475, 1708, 1709, 1522, 1710, 1168, 1354, 199, 1711, 1711, 1712, 1713, 1714, 144, 1715, 1716, 1717, 1718, 1219, 1302, 1719, 1676, 1720, 1721, 1722, 1723, 1390, 147, 1080, 544, 1724, 1725, 1726, 1727, 1728, 1729, 1730, 25, 862, 588, 1242, 491, 1138, 1731, 163, 186, 46], "genres": [6, 1], "score": "5.28", "summary": "1945년 일제강점기.  경성 반도호텔 악단장 ‘강옥’(황정민)과 그의 하나뿐인 딸 ‘소희’(김수안).  그리고 종로 일대를 주름잡던 주먹 ‘칠성’(소지섭), 일제 치하에서 온갖 고초를 겪어온 ‘말년’(이정현) 등  각기 다른 사연을 품은 조선인들이 일본에서 돈을 벌 수 있다는 말에 속아 군함도로 향한다.  하지만 그들이 함께 탄 배가 도착한 곳은 조선인들을 강제 징용해 노동자로 착취하고 있던 ‘지옥섬’ 군함도였다.   영문도 모른 채 끌려온 조선인들이 해저 1,000 미터 깊이의 막장 속에서  매일 가스 폭발의 위험을 감수하며 노역해야 하는 군함도.  강옥은 어떻게 하든 일본인 관리의 비위를 맞춰 딸 소희만이라도 지키기 위해 온갖 수를 다하고,  칠성과 말년은 각자의 방식으로 고통스런 하루하루를 견뎌낸다.   한편 전쟁이 막바지로 치닫자 광복군 소속 OSS 요원 ‘무영’(송중기)은  독립운동의 주요인사 구출 작전을 지시 받고 군함도에 잠입한다.   일본 전역에 미국의 폭격이 시작되고 일본의 패색이 짙어지자  일본은 군함도에서 조선인에게 저지른 모든 만행을 은폐하기 위해 조선인들을 갱도에 가둔 채 폭파하려고 한다.  이를 눈치 챈 무영은, 강옥, 칠성, 말년을 비롯한 조선인 모두와 군함도를 빠져나가기로 결심하는데...!  지옥섬 군함도, 조선인들의 목숨을 건 탈출이 시작된다!", "poster_URL": "https://movie-phinf.pstatic.net/20170726_24/1501035701931zYdMD_JPEG/movie_image.jpg"}}, {"pk": 190, "model": "actors.movie", "fields": {"code": "20162442", "title": "청년경찰", "sales": "44361102516", "audience": "5650556", "open_date": "2017-08-09", "actors": [1671, 263, 1732, 607, 1733, 1734, 1704, 1730, 1735, 1736, 998, 1737, 1738, 1240, 394, 1739, 1740, 1741, 870, 1346, 1219, 1742, 1743, 1422, 86, 1744, 559, 1745, 1746, 1547, 66, 1304, 1485, 1747, 460, 1162], "genres": [6], "score": "8.30", "summary": "의욕충만 경찰대생 기준(박서준) X 이론백단 경찰대생 희열(강하늘) 둘도 없는 친구인 두 사람은 외출을 나왔다 우연히 납치 사건을 목격하게 된다. 목격자는 오직 두 사람 뿐! 기준과 희열은 학교에서 배운 대로 지체 없이 경찰에 신고한다.  하지만 복잡한 절차와 부족한 증거로 수사는 전혀 진행될 기미가 보이지 않는 상황! 1분 1초가 급박한 상황에서 아까운 시간만 흘러가자,  기준과 희열은 직접 발로 뛰는 수사에 나서기로 하고 예측 불가능한 상황을 마주하게 되는데…  전공지식 총동원! 파릇파릇한 놈들의 혈기왕성 실전수사가 시작된다!", "poster_URL": "https://movie-phinf.pstatic.net/20170814_131/1502673994742txsKh_JPEG/movie_image.jpg"}}, {"pk": 191, "model": "actors.movie", "fields": {"code": "20151003", "title": "장산범", "sales": "10330158583", "audience": "1304739", "open_date": "2017-08-17", "actors": [1748, 612, 45, 1749, 1750, 46, 1751, 1485, 1752, 673], "genres": [13, 12], "score": "6.15", "summary": "도시를 떠나 장산으로 이사 온 희연(염정아)은 무언가에 겁을 먹고 혼자 숲 속에 숨어있는 여자애(신린아)를 만난다. 희연은 소녀를 집으로 데려오지만, 남편(박혁권)은 딸 준희의 목소리를 흉내 내는 이 소녀를 수상하게 여긴다. 소녀가 찾아온 뒤 하나 둘씩 실종되는 사람들 사라진 시어머니(허진)와 남편… 그리고 들려오는 ‘그것’의 목소리  누군가 우리 가족의 목소리를 흉내 내고 있다!", "poster_URL": "https://movie-phinf.pstatic.net/20170717_299/1500255989773woYLE_JPEG/movie_image.jpg"}}, {"pk": 192, "model": "actors.movie", "fields": {"code": "20179187", "title": "공범자들", "sales": "2013754600", "audience": "257266", "open_date": "2017-08-17", "actors": [1753, 1754, 1755, 1756], "genres": [14], "score": "9.11", "summary": "2008년 미국산 쇠고기 수입문제 보도로 MB정부가 큰 타격을 입자 본격적인 언론 장악이 시작된다. 첫 타겟이 된 KBS가 권력에 의해 점차 무너지고, 2010년 ‘4대강 사업’의 실체를 고발한 MBC 도 점령당한다. 결국 방송 검열이라는 최악의 상황으로 치닫으면서, 더 이상 공영방송이 아닌 권력의 홍보 기지로 전락한 KBS와 MBC. 2014년 세월호 참사의 오보와 2016년 최순실 국정농단 사건의 진실마저 은폐하려 한다. 최승호 감독은 지난 10년 동안 공영방송을 망친 주범과 그들과 손잡은 공범자들의 실체를 밝히기 위해 다시 한 번 움직이기 시작하는데…", "poster_URL": "https://movie-phinf.pstatic.net/20170731_231/15014620888879TqBt_JPEG/movie_image.jpg"}}, {"pk": 197, "model": "actors.movie", "fields": {"code": "20166132", "title": "김광석", "sales": "766354500", "audience": "97303", "open_date": "2017-08-30", "actors": [1763, 1568, 1764, 1592], "genres": [14], "score": "8.70", "summary": "대한민국을 대표하는 가수 김광석. \r 그의 노래에 담긴 뜨거운 삶과 사랑, 그리고 외면해서는 안 될 마지막 진실! \r 1996년 1월 6일 김광석 사망 이후, 20여년이 지나도록 베일에 쌓여 있는\r 마지막 날의 치열한 흔적을 그의 음악 인생을 통해 본격적으로 들여다본다.", "poster_URL": "https://movie-phinf.pstatic.net/20170727_248/1501136386573No8h4_JPEG/movie_image.jpg"}}, {"pk": 199, "model": "actors.movie", "fields": {"code": "20173826", "title": "구세주: 리턴즈", "sales": "5625000", "audience": "750", "open_date": "2017-09-14", "actors": [1768, 1769, 46, 1770, 1771, 1772, 1773], "genres": [5], "score": "4.75", "summary": "때는 금 모으기 운동이 한창인 1997년 IMF 시절, 마음만은 폼 나는 가장, 하지만 현실은 쪽박인 가장 ‘상훈’(최성국)은 또다시 사업실패로 파산 위기에 처한다. 결국 상훈은 자금난을 메꾸기 위해 이 구역 미친X으로 정평 난 사채업자(이준혁)를 찾아가고 빌린 돈으로 흥청망청 허세를 부리며 간신히 가족들에게 처지를 숨긴다.  드디어 수금 마감 D-DAY! 그간 허세의 대가를 받으려는 듯 ‘상훈’을 향한 사채업자의 기상천외한 압박이 시작되는데…  좌충우돌 돈을 쫓는 두 남자! 총체적 난국, 하루도 조용할 날 없는  이들의 인생을 구원할 구세주는 과연 누~구~?!", "poster_URL": "https://movie-phinf.pstatic.net/20170810_234/1502340807017VRAjq_JPEG/movie_image.jpg"}}, {"pk": 200, "model": "actors.movie", "fields": {"code": "20164174", "title": "브이아이피", "sales": "10940388335", "audience": "1371121", "open_date": "2017-08-23", "actors": [1774, 1775, 446, 857, 1776, 1777, 1778, 1711, 1779, 1367, 1780, 1781, 1782, 1783, 1784, 86, 1785, 1485, 185, 538], "genres": [2, 1], "score": "6.51", "summary": "국정원과 CIA의 기획으로 북에서 온 VIP 김광일(이종석)이 살인사건의 유력한 용의자로 지목된다. 본능적으로 그가 범인임을 직감한 경찰 채이도(김명민)가 VIP를 뒤쫓지만 국정원 요원 박재혁(장동건)의 비호로 번번이 용의선상에서 벗어나는데…  제13회 미국 판타스틱 페스트 장편 스릴러 부문(2017) 감독상", "poster_URL": "https://movie-phinf.pstatic.net/20170818_225/1503022966358iQcyu_JPEG/movie_image.jpg"}}, {"pk": 201, "model": "actors.movie", "fields": {"code": "20165001", "title": "더 테이블", "sales": "785164000", "audience": "97351", "open_date": "2017-08-24", "actors": [9, 721, 1247, 508, 1786, 1787, 1057, 1788, 1789, 469], "genres": [1, 3], "score": "7.97", "summary": "(정유미 & 정준원) 오전 열한 시, 에스프레소와 맥주. “나 많이 변했어.”  스타배우가 된 유진과 전 남자친구 창석  (정은채 & 전성우) 오후 두 시 반, 두 잔의 커피와 초콜릿 무스케이크. “좋은 거 보면 사진이라도 하나 보내줄 줄 알았어요.” 하룻밤 사랑 후 다시 만난 경진과 민호  (한예리 & 김혜옥) 오후 다섯 시, 두 잔의 따뜻한 라떼.  \"좋아서 하는 거예요. 아직까진...\"  결혼사기로 만난 가짜 모녀 은희와 숙자  (임수정 & 연우진) 비 오는 저녁 아홉 시, 식어버린 커피와 남겨진 홍차. “왜 마음 가는 길이랑 사람 가는 길이 달라지는 건지 모르겠어.” 결혼이라는 선택 앞에 흔들리는 혜경과 운철  당신은 오늘, 누구를 만나 어떤 이야기를 했나요?", "poster_URL": "https://movie-phinf.pstatic.net/20170803_104/1501721449407bMw1k_JPEG/movie_image.jpg"}}, {"pk": 202, "model": "actors.movie", "fields": {"code": "20179407", "title": "로마의 휴일", "sales": "969919876", "audience": "131355", "open_date": "2017-08-30", "actors": [1790, 887, 799, 1708, 1791, 699, 1792, 1793, 1794, 1152, 1795, 1796, 1273, 1797, 1798, 1799, 1800, 1801, 1802, 1803, 1804, 1805, 1533, 1347, 1304, 1549, 1806, 1047, 1807, 1808, 1809, 1796], "genres": [5, 1], "score": "6.78", "summary": "돈은 없지만 깡다구가 있고, 희망은 없지만 우정은 가득한 세 남자,  진지한 놈 '인한'(임창정), 신난 놈 '기주'(공형진), 순수한 놈 '두만'(정상훈)은 실패해 죽더라도,  원 없이 돈을 써보겠다는 일념으로 현금수송 차량을 탈취하는 계획을 세우고 성공한다!  하지만 돈 냄새도 잠시, 경찰에 쫓겨 '로마의 휴일' 나이트클럽에 숨게 되고,  이상하게 흥이 오르는 상상 불허의 분위기 속에서 경찰과 인질범들 사이의 기묘한 인질극이 벌어진다. 과연 이들은 돈을 지키고 인생 역전을 할 수 있을 것인가?", "poster_URL": "https://movie-phinf.pstatic.net/20170731_36/1501464199678zxyus_JPEG/movie_image.jpg"}}, {"pk": 203, "model": "actors.movie", "fields": {"code": "20170003", "title": "소나기", "sales": "74743808", "audience": "11375", "open_date": "2017-08-31", "actors": [1810, 1089, 1811, 1812, 954, 1813], "genres": [7], "score": "7.04", "summary": "매일같이 개울가에 나와 징검다리 한 가운데서 놀고 있는 소녀. 수줍은 소년은 소녀에게 비켜 달라 말 한마디 건네지 못한 채 그렇게 며칠을 서성인다.  갑작스러운 소나기에 함께 비를 피하다 가까워지는 두 사람, 하지만 소녀에겐 아직 전하지 못한 말이 있는데…  그 여름의 첫사랑이 찾아옵니다!", "poster_URL": "https://movie-phinf.pstatic.net/20170814_109/1502679118895rV8Uw_JPEG/movie_image.jpg"}}, {"pk": 204, "model": "actors.movie", "fields": {"code": "20154909", "title": "살인자의 기억법", "sales": "21370117492", "audience": "2657557", "open_date": "2017-09-06", "actors": [1308, 1140, 1814, 442, 1815, 1816, 1817, 1817, 1817, 1818, 1818, 1819, 1819, 827, 1820, 1821, 1822, 1823, 1824, 1825, 1826, 1051], "genres": [2, 12], "score": "7.69", "summary": "예전에는 연쇄살인범이었지만 지금은 알츠하이머에 걸린 병수. 우연히 접촉사고로 만나게 된 남자 태주에게서 자신과 같은 눈빛을 발견하고 그 역시 살인자임을 직감한다.  병수는 경찰에 그를 연쇄살인범으로 신고하지만 태주가 그 경찰이었고, 아무도 병수의 말을 믿지 않는다. 태주는 은희 곁을 맴돌며 계속 병수의 주변을 떠나지 않고, 병수는 혼자 태주를 잡기 위해 필사적으로 기록하고 쫓지만 기억은 자꾸 끊기고, 오히려 살인 습관들이 되살아나며 병수는 망상과 실제 사이에서 혼란스러워진다.   다시 시작된 연쇄 살인사건, 놈의 짓이 맞을까!    네 기억은 믿지 마라!  그 놈은 살인자다!", "poster_URL": "https://movie-phinf.pstatic.net/20171030_272/1509348877448FqDsF_JPEG/movie_image.jpg"}}, {"pk": 205, "model": "actors.movie", "fields": {"code": "20171923", "title": "저수지 게임", "sales": "974875100", "audience": "123980", "open_date": "2017-09-07", "actors": [1827], "genres": [14], "score": "9.18", "summary": "탐사보도 전문 ‘악마 기자’ 주진우가 누구나 알지만, 아무도 말 못하는 그분의 ‘검은 돈’을 찾고 있다.  해외를 넘나들며 그 돈과 관련된 연결고리의 실체를 추적해온 집념의 5년.  위험을 감수한 ‘딥쓰로트’의 제보로 드디어 그분의 꼬리 밟기에 성공하는데...  “저 돈을 쫓아가 보면 XX의 돈이 있어” 파도 파도, 까도 까도 끝없는 검은 돈의 연결고리가 밝혀진다!", "poster_URL": "https://movie-phinf.pstatic.net/20170912_208/1505191751564z0kWE_JPEG/movie_image.jpg"}}, {"pk": 206, "model": "actors.movie", "fields": {"code": "20174142", "title": "아이 캔 스피크", "sales": "25539269986", "audience": "3281331", "open_date": "2017-09-21", "actors": [1828, 544, 62, 1829, 75, 1248, 340, 1830, 614, 301, 1711, 248, 1080, 1831, 1832, 644, 1833], "genres": [5], "score": "9.37", "summary": "온 동네를 휘저으며 무려 8천 건에 달하는 민원을 넣어 도깨비 할매라고 불리는 ‘옥분’. 20여 년간 누구도 막을 수 없었던 그녀 앞에 원칙주의 9급 공무원 ‘민재’가 나타나면서 팽팽한 긴장감이 흐른다. 민원 접수만큼이나 열심히 공부하던 영어가 좀처럼 늘지 않아 의기소침한 ‘옥분’은 원어민 수준의 영어를 구사하는 ‘민재’를 본 후 선생님이 되어 달라며 시간과 장소를 불문하고 부탁하기에 이른다. 둘만의 특별한 거래를 통해 결코 어울리지 않을 것 같았던 두 사람의 영어 수업이 시작되고, 함께하는 시간이 계속 될수록 서로를 이해하고 소통하게 되면서 친구이자 가족이 되어 간다. ‘옥분’이 영어 공부에 매달리는 이유가 내내 궁금하던 ‘민재’는 어느 날, 그녀가 영어로 꼭 하고 싶은 말이 있다는 것을 알게 되는데…", "poster_URL": "https://movie-phinf.pstatic.net/20170908_108/1504837489518BdEBl_JPEG/movie_image.jpg"}}, {"pk": 207, "model": "actors.movie", "fields": {"code": "20171164", "title": "귀향, 끝나지 않은 이야기", "sales": "80173200", "audience": "10706", "open_date": "2017-09-14", "actors": [311, 302, 303, 1834, 238, 1835, 304, 326, 327, 308, 322, 306, 305, 1836, 310, 312, 317, 313, 315, 1837, 316, 1838, 318, 321, 322, 323, 1839, 717, 771, 1840, 1841, 1085, 1726, 1726, 307, 325, 325], "genres": [1, 14], "score": "7.85", "summary": "<귀향>이 일본군 ‘위안부’ 피해자들에 대한 ‘기록’과 ‘위로’였다면, \r <귀향, 끝나지 않은 이야기>는 우리가 전하는 ‘약속’입니다.\r \r “언니야 이제 집에 가자”", "poster_URL": "https://movie-phinf.pstatic.net/20170828_294/1503887983509PP7JP_JPEG/movie_image.jpg"}}, {"pk": 208, "model": "actors.movie", "fields": {"code": "20178941", "title": "시인의 사랑", "sales": "53017300", "audience": "6586", "open_date": "2017-09-14", "actors": [564, 1537, 531, 488, 1842, 1726, 1843, 1844], "genres": [1], "score": "8.07", "summary": "제주도에서 나고 자란 마흔 살의 시인은 시를 쓰는 재능도, 먹고 살 돈도, 심지어 정자마저도 없다.  그리고 시인의 곁에는 무능한 남편을 구박하면서도 세상에서 그를 제일 아끼고 사랑하는 아내가 있다.  팍팍한 현실에서도 진짜 시를 쓰는 일이 뭘까 매일 고민하는 시인, 그리고 아이를 간절히 원하는 아내 앞에  어느 날 파도처럼 위태로운 소년이 나타나고, 시인은 알 수 없는 감정에 휩싸이는데...  그 사람 생각이 자꾸만 나서요.", "poster_URL": "https://movie-phinf.pstatic.net/20170915_221/1505451451508gDlUI_JPEG/movie_image.jpg"}}, {"pk": 209, "model": "actors.movie", "fields": {"code": "20172742", "title": "범죄도시", "sales": "56315463649", "audience": "6879511", "open_date": "2017-10-03", "actors": [361, 1017, 28, 1023, 1845, 1846, 1847, 1848, 1849, 1488, 1850, 1851, 90], "genres": [2, 6], "score": "9.14", "summary": "2004년 서울… 하얼빈에서 넘어와 단숨에 기존 조직들을 장악하고 가장 강력한 세력인 춘식이파 보스 ‘황사장(조재윤 분)’까지 위협하며  도시 일대의 최강자로 급부상한 신흥범죄조직의 악랄한 보스 ‘장첸(윤계상 분)’.  대한민국을 뒤흔든 ‘장첸(윤계상 분)’ 일당을 잡기 위해  오직 주먹 한방으로 도시의 평화를 유지해 온 괴물형사 ‘마석도(마동석 분)’와  인간미 넘치는 든든한 리더 ‘전일만(최귀화 분)’ 반장이 이끄는 강력반은  나쁜 놈들을 한방에 쓸어버릴 끝.짱.나.는. 작전을 세우는데…  통쾌하고! 화끈하고! 살벌하게! 나쁜 놈들 때려잡는 강력반 형사들의 ‘조폭소탕작전’이 시작된다!", "poster_URL": "https://movie-phinf.pstatic.net/20170915_299/1505458505658vbKcN_JPEG/movie_image.jpg"}}, {"pk": 210, "model": "actors.movie", "fields": {"code": "20172964", "title": "이웃집 스타", "sales": "63571300", "audience": "8521", "open_date": "2017-09-21", "actors": [1852, 783, 640, 1853, 1854, 1855], "genres": [5], "score": "5.89", "summary": "나야 나! 톱스타 한스타 한혜미 손가락만 까딱~해도 이슈가 되는 스캔들메이커 한혜미 떠오르는 아이돌 스타 갓지훈과 또 다시 핑크빛 열애설로 화제의 중심에 오르다!   가만 안 둬! 내가 바로 한스타 악플러 한소은 톱스타이자 엄마 한혜미와 한 집인 듯 한 집 아닌 이웃살이를 하고 있는 여중생 감히 우리 오빠 갓지훈과 열애설이 난 철없는 엄마 전담 악플러로 변신하다!   들키면 큰일 날 비밀 동거 사이!  열애설로 한스타와 소은의 신경전이 계속되는 가운데,  사람들의 관심은 점점 밝혀져서는 안될 두 사람의 비밀 이웃살이에 대한 의심으로 변하게 된다.   두 지붕, 한 가족, 모녀 사이인 한스타와 소은은 함께 이 위기를 헤쳐나갈 수 있을까?", "poster_URL": "https://movie-phinf.pstatic.net/20170913_115/15052658027449i2C3_JPEG/movie_image.jpg"}}, {"pk": 211, "model": "actors.movie", "fields": {"code": "20165450", "title": "남한산성", "sales": "31211079292", "audience": "3846769", "open_date": "2017-10-03", "actors": [22, 1156, 798, 1307, 857, 30, 1856, 52, 893, 1480, 1857, 1549, 1858, 1859], "genres": [4, 1], "score": "8.06", "summary": "1636년 인조 14년 병자호란. 청의 대군이 공격해오자 임금과 조정은 적을 피해 남한산성으로 숨어든다. 추위와 굶주림, 절대적인 군사적 열세 속 청군에 완전히 포위된 상황,  대신들의 의견 또한 첨예하게 맞선다.  순간의 치욕을 견디고 나라와 백성을 지켜야 한다는 이조판서 ‘최명길’(이병헌)과 청의 치욕스런 공격에 끝까지 맞서 싸워 대의를 지켜야 한다는 예조판서 ‘김상헌’(김윤석). 그 사이에서 ‘인조’(박해일)의 번민은 깊어지고, 청의 무리한 요구와 압박은 더욱 거세지는데...  나아갈 곳도 물러설 곳도 없는 고립무원의 남한산성 나라의 운명이 그곳에 갇혔다!", "poster_URL": "https://movie-phinf.pstatic.net/20171013_225/1507872096788TxEL5_JPEG/movie_image.jpg"}}, {"pk": 213, "model": "actors.movie", "fields": {"code": "20171817", "title": "넛잡 2", "sales": "3025768800", "audience": "404819", "open_date": "2017-10-03", "actors": [1860, 1861, 1862, 1863], "genres": [7, 15, 5, 10], "score": "8.77", "summary": "땅콩 털이에 성공 후 여유로운 삶을 즐기던 ‘설리’와 공원 친구들!\r 어느 날 갑자기, 영원할 것만 같던 땅콩 가게가 폭발하고, ‘설리’와 친구들은 어쩔 수 없이 ‘리버티 공원’으로 돌아가게 되지만 이마저도 악덕 시장의 놀이공원 건설 계획으로 파괴될 위기에 처한다.\r \r 더 이상 물러날 곳이 없는 ‘설리’와 친구들!\r 과연 악덕 시장에 맞서 공원을 지킬 수 있을까?", "poster_URL": "https://movie-phinf.pstatic.net/20170919_153/15058085427779TKOE_JPEG/movie_image.jpg"}}, {"pk": 214, "model": "actors.movie", "fields": {"code": "20172642", "title": "여배우는 오늘도", "sales": "127326300", "audience": "15324", "open_date": "2017-09-14", "actors": [150, 1864, 1865, 933, 250, 147, 1080, 1352], "genres": [1, 5], "score": "8.86", "summary": "배우 문소리는 오늘도 며느리, 딸, 엄마, 아내 역할로 만취 상태다. 정작 맡고 싶은 배역의 러브콜은 끊긴 지 오래고, 일년에 작품 한 개도 겨우다. 게다가 자타공인 연기파 배우 타이틀도 십팔 년 차 중견 여배우로 교체된 판국. 트로피 개수 만큼은 메릴 스트립 부럽지 않은 그녀지만, 연기력과 매력 사이 자존감은 점점 흔들리기만 하는데...  연기는 완전 쩔지만, 매력은 대략 쫄리는 데뷔 십팔 년 차 배우 문소리 2017년, 어제는 날았고 오늘은 달리는 그녀의 자력갱생이 시작된다!", "poster_URL": "https://movie-phinf.pstatic.net/20170825_75/1503624614580euzhX_JPEG/movie_image.jpg"}}, {"pk": 215, "model": "actors.movie", "fields": {"code": "20154907", "title": "희생부활자", "sales": "2508212835", "audience": "322207", "open_date": "2017-10-12", "actors": [1352, 629, 607, 1537, 42, 1866, 1867, 1868, 1869, 1870, 439, 1871, 1249, 46, 1873, 1874, 538], "genres": [13, 12], "score": "6.07", "summary": "억울한 죽음 뒤 복수를 위해 살아 돌아온 자 세상은 그들을 ‘희생부활자’ (RV: Resurrected Victims)라 부른다. 그리고 오늘, 죽은 엄마가 살아 돌아와 나를 공격했다!  7년 전, 오토바이 강도 사건으로 살해당했던 엄마가 집으로 돌아왔다는 전화를 받은 검사 진홍. 믿을 수 없는 현실에 충격도 잠시, 엄마 명숙이 진홍을 공격한다.  전 세계 89번째이자 국내 첫 번째로 판명된 희생부활사건! 국정원은 모든 목격자와 언론을 통제하려 들고,  신고를 받은 경찰은 진홍을 명숙 사건의 진범으로 의심하기 시작한다. 이에 진홍은 스스로 엄마의 죽음에 얽힌 진실을 밝혀내려 하는데…  7년 전 사건의 숨은 진실이 밝혀진다.", "poster_URL": "https://movie-phinf.pstatic.net/20170925_211/1506305961212SYWl2_JPEG/movie_image.jpg"}}, {"pk": 216, "model": "actors.movie", "fields": {"code": "20164424", "title": "대장 김창수", "sales": "2851892115", "audience": "377071", "open_date": "2017-10-19", "actors": [628, 1875, 32, 511, 970, 550, 1876, 1877, 1878, 369, 1879, 1880, 215, 1399, 1881, 1655, 1882, 1883, 1080, 1884, 1885], "genres": [1], "score": "6.90", "summary": "1896년 황해도 치하포, 청년 김창수가 일본인을 죽이고 체포된다. 그는 재판장에서 국모의 원수를 갚았을 뿐이라고 소리치지만 결국 사형 선고를 받고 인천 감옥소에 수감된다. 일본의 편에 선 감옥소장 강형식은 자신에게 굴복하지 않는 김창수를 갖은 고문으로 괴롭히고 죄수들마저 김창수에게 등을 돌린다.  하지만 그 곳은 그에게만 지옥이 아니었다. 못 배우고, 못 가졌다는 이유로 재판조차 받지 못한 채 억울한 옥살이를 하는 조선인들을 보며 김창수는 조금씩 현실에 눈을 뜨게 되고, 변화를 꿈꾸기 시작한다.  천하고 평범한 청년이 대장 김창수로 거듭나기까지 그의 모든 것을 바꿔놓은 625일의 이야기!", "poster_URL": "https://movie-phinf.pstatic.net/20171020_9/1508490515565ciXbi_JPEG/movie_image.jpg"}}, {"pk": 217, "model": "actors.movie", "fields": {"code": "20172603", "title": "부라더", "sales": "11770043998", "audience": "1490543", "open_date": "2017-11-02", "actors": [361, 1005, 205, 1886, 1887, 1888, 1889, 1891, 1892, 1893, 907, 146, 1894, 1723, 1729, 1895, 1896, 605], "genres": [5], "score": "7.27", "summary": "인디아나 존스를 꿈꾸며 유물발굴에 전 재산을 올인 하지만 현실은 늘어나는 빚과 쓸모 없는 장비뿐인 형 석봉(마동석) 가문을 대표하는 눈부신 외모와 명석한 두뇌로 잘 나가는 건설 회사에 다니지만 순간의 실수로 실직 위기에 처한 동생 주봉(이동휘) 3년 만에 본가로 강제소환(?) 당한 형제는 사고로 오로라(이하늬)를 치게 된다.  이제 그들이 움직이기 시작한다!  사고 탓인지 원래 그런 건지,  알 수 없는 말과 돌발 행동으로 형제를 헉(!)하게 만드는 멘탈까지 묘(?)한 여자 오로라 형제의 인생에 훅 들어온 그녀는 그들에게 엄청난 비밀을 알려주게 되고 오로라의 말에 혹한 석봉과 주봉에게 지긋지긋한 안동은 노다지로 보이기 시작 하는데…", "poster_URL": "https://movie-phinf.pstatic.net/20181129_255/1543452505700tFbVC_JPEG/movie_image.jpg"}}, {"pk": 218, "model": "actors.movie", "fields": {"code": "20174641", "title": "가을 우체국", "sales": "19350500", "audience": "2499", "open_date": "2017-10-19", "actors": [1897, 428, 1898, 670, 591, 1899, 1900, 1619], "genres": [3, 1], "score": "6.93", "summary": "꿈 같은 미래를 준비하던 수련은 \r 자신이 인생에 끝에 서 있다는 사실을 알게 된다.\r 조용히 삶을 정리하고 싶지만 ‘준’만은 \r 수련의 뜻대로 되지 않는데……", "poster_URL": "https://movie-phinf.pstatic.net/20170929_75/1506670619106N0RlI_JPEG/movie_image.jpg"}}, {"pk": 219, "model": "actors.movie", "fields": {"code": "20175208", "title": "뷰티풀 투모로우", "sales": "521264300", "audience": "59220", "open_date": "2017-10-26", "actors": [1901, 1902], "genres": [1], "score": "9.27", "summary": "박효신 7집 〈I am A Dreamer〉를 새롭게 만나는 시간\r 아티스트 박효신이 전하는 꿈의 메시지 ‘뷰티풀 투모로우’\r \r 2016년 10월, 6년만의 정규 앨범 7집 〈I am A Dreamer〉로 돌아온 ‘박효신’, \r 그가 음악적 소울메이트인 ‘정재일’과 함께 쿠바로 떠나 자유롭게 음악작업을 하며\r 7집 앨범을 완성해가는 모습을 고스란히 만나볼 수 있는 블럭 뮤직비디오다. \r \r 낯설지만 아름다운 쿠바의 소극장, 길거리, 바다를 무대로\r 자유롭게 노래하는 ‘박효신’과 ‘정재일’, 그리고 쿠바 소년 ‘라파엘’의 모습이\r 7집 앨범 수록곡과 함께 아름답게 펼쳐진다. \r \r 대표곡 ‘숨’, ‘Beautiful Tomorrow’, ’Home’은 물론\r 이전 영상으로 공개되지 않았던 ‘I’m a dreamer’, ‘Wonderland’, ‘Li-La’를 포함해 총 9곡을 박효신의 감미로운 내레이션과 함께 한 편의 영상으로 감상할 수 있다. \r \r ‘낯선 풍경 속에서 새롭게 들리는 나의 노래, 그리고 노래하며 다시 행복한 나’\r Beautiful Tomorrow", "poster_URL": "https://movie-phinf.pstatic.net/20171030_54/1509334385029hwGdz_JPEG/movie_image.jpg"}}, {"pk": 220, "model": "actors.movie", "fields": {"code": "20164481", "title": "유리정원", "sales": "113380000", "audience": "15992", "open_date": "2017-10-25", "actors": [1904, 368, 1905, 1906, 1331, 1907], "genres": [13, 1], "score": "6.94", "summary": "엽록체를 이용한 인공혈액을 연구하던 과학도 ‘재연’(문근영)은 후배에게 연구 아이템을 도둑맞고 사랑하는 사람마저 빼앗겨 어릴 적 자랐던 숲 속의 유리정원 안에 스스로를 고립한다. 한편, 첫 소설의 실패로 슬럼프를 겪던 무명작가 ‘지훈’(김태훈)은 우연히 알게 된 재연의 삶을 훔쳐보며 초록의 피가 흐르는 여인에 대한 소설을 연재해 순식간에 인기 작가 반열에 오른다. 그러던 어느 날, 충격적인 미제 사건의 범인으로 재연이 지목되고, 이 사건이 지훈의 소설 속 이야기와 동일하다는 사실이 알려지면서 세상을 시끄럽게 만드는데... 과연 재연의 유리정원에서 무슨 일이 일어났던 것일까?", "poster_URL": "https://movie-phinf.pstatic.net/20170926_278/1506401918256jfD9o_JPEG/movie_image.jpg"}}, {"pk": 222, "model": "actors.movie", "fields": {"code": "20169643", "title": "침묵", "sales": "3927364264", "audience": "493673", "open_date": "2017-11-02", "actors": [73, 1107, 212, 205, 194, 1912, 656, 1913, 1914, 366, 1915, 1916, 1917, 756, 586, 1390, 1390, 1679, 1250, 1918, 1259, 1239, 185, 352], "genres": [1], "score": "7.79", "summary": "재력과 사랑, 세상을 다 가진 남자 ‘임태산’(최민식) 모든 것이 완벽히 행복하다 믿었던 그 날 약혼녀이자 유명 가수인 ‘유나’(이하늬)가 살해 당하고,  용의자로 딸 ‘임미라’(이수경)가 지목된다.  세간의 이목이 집중된 사건 임태산은 그날의 일을 기억하지 못하는 딸을 무죄로 만들기 위해  자신만의 방식으로 사건을 쫓기 시작한다.  그리고 최고의 변호인단을 마다한 채, 미라의 무죄를 믿고 보듬어줄 젊은 변호사 ‘최희정’(박신혜)을 선임한다.  미라가 기억하지 못하는 시간을 둘러싼 치열한 법정 공방 하지만 사라진 그날의 CCTV 영상을 갖고 있는  유나의 팬 ‘김동명’(류준열)의 존재가 드러나며  사건은 예상치 못한 방향으로 흘러가는데...  살해된 약혼녀 용의자가 된 딸 가장 완벽한 날, 모든 것을 잃었다", "poster_URL": "https://movie-phinf.pstatic.net/20171102_198/1509590346814JRzwy_JPEG/movie_image.jpg"}}, {"pk": 223, "model": "actors.movie", "fields": {"code": "20173612", "title": "메소드", "sales": "184003600", "audience": "22599", "open_date": "2017-11-02", "actors": [232, 1919, 1920, 1791, 891, 199, 1921, 701, 1922, 1923, 1924, 927, 1925, 1675, 771, 1926, 1927], "genres": [1], "score": "8.25", "summary": "만났다 나 같은 놈을 무대를 위해 자신을 버리는 메소드 배우 '재하' 연기를 위해 자신을 던지는 아이돌 스타 '영우' 열정과 진심 사이, 완벽 그 이상의 메소드 연기가 시작된다", "poster_URL": "https://movie-phinf.pstatic.net/20171013_97/1507885023349xzTcV_JPEG/movie_image.jpg"}}, {"pk": 224, "model": "actors.movie", "fields": {"code": "20177342", "title": "내게 남은 사랑을", "sales": "163758600", "audience": "23738", "open_date": "2017-11-02", "actors": [1928, 496, 1929, 1930, 1931, 334, 927, 1932, 771, 614, 937, 569, 843], "genres": [1], "score": "8.17", "summary": "가족을 돌볼 틈 없이 매일 회사 일에 치이는 대한민국 대표 가장, ‘김봉용’ 자신을 부하처럼 부리는 상사 때문에  허구한 날 술을 마시는 것은 물론, 기사 노릇까지 하고 있다.  그의 속 사정을 알리 없는 아내 ‘화연’은 야속한 남편을 탓하기만 하고 질풍노도의 쌍둥이 ‘우주’와 ‘달님’은 그런 아빠와 매일 부딪치기만 한다.  그나마 늦둥이 ‘별님’의 사랑스러운 애교에 하루하루를 버티는데…  서로를 보지 못했던 가족이 비로소 서로를 보기 시작하며 전하는 내게 남은 사랑을…", "poster_URL": "https://movie-phinf.pstatic.net/20171012_231/1507775268971mo2Uk_JPEG/movie_image.jpg"}}, {"pk": 225, "model": "actors.movie", "fields": {"code": "20161681", "title": "미옥", "sales": "1895882564", "audience": "238238", "open_date": "2017-11-09", "actors": [645, 1475, 167, 370, 1933, 490, 1934, 1845, 1921, 688, 586, 1935, 220], "genres": [2, 6], "score": "4.96", "summary": "범죄조직을 재계 유력기업으로 키워낸 언더보스 ‘나현정’(김혜수)은 새로운 시작을 꿈꾸며 은퇴를 준비한다. 그녀를 위해서라면 어떤 일도 서슴지 않았던 조직의 해결사 ‘임상훈’(이선균)은 그런 그녀를 이해하지 못한다. 한편, 법조계 라이징스타 ‘최대식’(이희준)은 자신의 치명적인 약점을 붙잡은 ‘나현정’으로 인해 궁지에 몰리게 되고, ‘임상훈’을 이용해 악에 찬 복수를 준비한다. 걷잡을 수 없는 세 사람의 욕망은 점점 파국을 향해 치닫는데…  뜨거운 욕망의 차가운 끝, 이기는 사람이 모두 갖는다", "poster_URL": "https://movie-phinf.pstatic.net/20171109_234/1510190908090cpY8y_JPEG/movie_image.jpg"}}, {"pk": 226, "model": "actors.movie", "fields": {"code": "20175441", "title": "채비", "sales": "1259252864", "audience": "177256", "open_date": "2017-11-09", "actors": [1936, 545, 10, 62, 1581, 1937, 1938, 1939, 1940, 1941, 1206, 805, 1942, 1943, 1846, 1944, 1849, 1945], "genres": [1], "score": "8.73", "summary": "일곱살 같은 서른살 아들 인규를 24시간 특별 케어(?) 하느라 어느 새 30년 프로 잔소리꾼이 된 엄마 애순 씨는 앞으로 아들과 함께 할 시간이 많지 않음을 알게 된다.  자신이 떠난 후 남겨질 아들을 생각하니 또다시 걱정만 한 가득인 애순 씨는 세상과 어울리며 홀로 살아갈 인규를 위한 그녀만의 특별한 체크 리스트를 작성하고, 잠시 소원했던 첫째 딸 문경과 동네 사람들의 도움을 받으며 빈칸을 하나씩 채워나가기 시작하는데...", "poster_URL": "https://movie-phinf.pstatic.net/20171020_274/1508474882596wxzN2_JPEG/movie_image.jpg"}}, {"pk": 227, "model": "actors.movie", "fields": {"code": "20168754", "title": "7호실", "sales": "2663824739", "audience": "345339", "open_date": "2017-11-15", "actors": [856, 188, 344, 239, 1946, 611, 649, 1, 1947, 575, 1663, 521, 1948, 1356, 992, 1841, 1361, 1833], "genres": [5], "score": "6.54", "summary": "서울의 망해가는 DVD방 사장 두식(신하균).  학자금 빚을 갚으려 DVD방에서 일하는 알바생 태정(도경수).   팔리지도 않던 가게에 기적처럼 매수자가 나타난 바로 그 때!  예상치 못한 사고가 일어나고, 두식은 시체를 7호실에 숨겨 봉쇄한다.   한편, 빚을 해결해주는 조건으로 마약을 7호실에 잠시 감춰놨던 태정은  늘 열려있던 그 방의 문을 두식이 갑자기 잠가버리자 당황하는데…   닫아야 사는 사장 vs 열어야 사는 알바생!  두 남자의 생존이 걸린 문제의 방 ‘7호실’", "poster_URL": "https://movie-phinf.pstatic.net/20171020_224/1508462433347lQgeW_JPEG/movie_image.jpg"}}, {"pk": 228, "model": "actors.movie", "fields": {"code": "20165748", "title": "꾼", "sales": "31312029795", "audience": "4018035", "open_date": "2017-11-22", "actors": [1237, 445, 27, 232, 1949, 1158, 1612, 1950, 1951, 991, 1952, 157, 1953, 1391, 1954, 220], "genres": [2], "score": "7.62", "summary": "대한민국을 발칵 뒤집어 놓은 ‘희대의 사기꾼’ 장두칠이 돌연 사망했다는 뉴스가 발표된다. 그러나 그가 아직 살아있다는 소문과 함께  그를 비호했던 권력자들이 의도적으로 풀어준 거라는 추측이 나돌기 시작한다.   사기꾼만 골라 속이는 사기꾼 지성(현빈)은 장두칠이 아직 살아있다며 사건 담당 검사 박희수(유지태)에게 그를 확실하게 잡자는 제안을 한다. 박검사의 비공식 수사 루트인 사기꾼 3인방 고석동(배성우), 춘자(나나), 김 과장(안세하)까지 합류시켜  잠적한 장두칠의 심복 곽승건(박성웅)에게 접근하기 위한 새로운 판을 짜기 시작한다.   하지만 박검사는 장두칠 검거가 아닌 또 다른 목적을 위해 은밀히 작전을 세우고, 이를 눈치 챈 지성과 다른 꾼들도 서로 속지 않기 위해 각자만의 계획을 세우기 시작하는데…  이 판에선 누구도 믿지 마라! 진짜 ‘꾼’들의 예측불가 팀플레이가 시작된다!", "poster_URL": "https://movie-phinf.pstatic.net/20171107_251/1510033896133nWqxG_JPEG/movie_image.jpg"}}, {"pk": 229, "model": "actors.movie", "fields": {"code": "20173903", "title": "역모-반란의 시대", "sales": "204171600", "audience": "27921", "open_date": "2017-11-23", "actors": [1476, 1955, 28, 1956, 1957, 1226, 366, 201, 1302, 1446, 673], "genres": [4, 6], "score": "3.82", "summary": "1728년 영조 4년.  내금위 사정에서 의금부 포졸로 좌천당한  조선 최고의 검 '김호'는 왕좌를 노리는 역적 '이인좌'와 왕을 제거하려는 어영청 5인방 무사집단이 역모를 꾸미고 있다는 사실을 알게 된다.  하지만 이미 궁궐 안은 간신배들로 가득하고  '김호'는 홀로 역적에 맞서 왕을 지켜야만 하는데...   역사 속에 기록되지 않은 최후의 대결이 시작된다!", "poster_URL": "https://movie-phinf.pstatic.net/20171020_230/1508463811814is3P4_JPEG/movie_image.jpg"}}, {"pk": 230, "model": "actors.movie", "fields": {"code": "20161762", "title": "반드시 잡는다", "sales": "3326379772", "audience": "446764", "open_date": "2017-11-29", "actors": [24, 607, 1312, 1958, 18, 1959, 1239, 37, 1325, 1960, 1961, 147, 1962, 1963, 1964, 1965, 1966, 580, 1967, 569, 570], "genres": [12], "score": "7.50", "summary": "30년 전 해결되지 못한 장기 미제사건과 동일한 수법으로 또 다시 살인이 시작된다. 동네를 꿰뚫고 있는 터줏대감 ‘심덕수(백윤식)’는  사건을 잘 아는 전직 형사 ‘박평달(성동일)’과 의기투합해 범인을 잡으려 하는데…  발보다 빠른 촉과 감으로 반드시 놈을 잡아라!", "poster_URL": "https://movie-phinf.pstatic.net/20171024_139/1508812701319AUuRe_JPEG/movie_image.jpg"}}, {"pk": 231, "model": "actors.movie", "fields": {"code": "20173581", "title": "기억의 밤", "sales": "10651846660", "audience": "1387499", "open_date": "2017-11-29", "actors": [263, 1570, 269, 1968, 1969, 803, 1879, 1970, 115, 1000, 1259, 1971], "genres": [13, 12], "score": "8.16", "summary": "새 집으로 이사 온 날 밤  정체불명의 괴한들에게 납치된 형 유석.  동생 진석은 형이 납치된 후 매일 밤 환청과 환각에 시달리며 불안해한다.  납치된지 19일째 되는 날 돌아온 유석은  그동안의 모든 기억을 잃었다고 말한다.  하지만 돌아온 뒤로 어딘가 변해버린 유석을 의심하던 진석은  매일 밤 사라지는 형을 쫓던 중 충격적인 사실과 마주하게 되는데...   두 남자의 엇갈린 기억 속 감춰진 살인사건의 진실을 찾아야만 한다!", "poster_URL": "https://movie-phinf.pstatic.net/20171129_172/1511930306592dumMz_JPEG/movie_image.jpg"}}, {"pk": 232, "model": "actors.movie", "fields": {"code": "20174846", "title": "뽀로로 극장판 공룡섬 대모험", "sales": "6203683800", "audience": "823065", "open_date": "2017-12-07", "actors": [122, 123, 124, 125, 126, 127, 128, 129], "genres": [7], "score": "9.17", "summary": "뽀로로와 친구들은 숲 속에서 ‘알’ 모양의 비행선에  잠들어 있는 꼬마 공룡 ‘알로’를 발견한다.  하지만 이름 말고는 아무것도 기억하지 못하는 ‘알로’를 위해 우주선을 고치던 중 비행선이 번쩍하며 ‘크롱’과 ‘알로’를 데리고 멀리 사라져 버린다.  크롱과 알로를 구하기 위해 비행선을 뒤쫓던 뽀로로와 친구들은 공룡섬에 도착하고,  그곳에서 공룡들을 잡아 외계인들에게 팔아 넘기는 공룡 사냥꾼 ‘Mr. Y’를 만나게 되는데…   과연, 외계인 사냥꾼의 공격을 피해  위험에 빠진 친구들을 구할 수 있을까?", "poster_URL": "https://movie-phinf.pstatic.net/20171102_209/1509602233507BiJrs_JPEG/movie_image.jpg"}}, {"pk": 233, "model": "actors.movie", "fields": {"code": "20170272", "title": "산상수훈", "sales": "296631000", "audience": "41268", "open_date": "2017-12-07", "actors": [1972, 1973, 1974, 1975, 1976, 1977, 1978, 1731], "genres": [1], "score": "6.54", "summary": "천국이 정말 존재 하는 걸까? 착하게 살면, 나는 정말 천국에 갈 수 있을까? 하나님은 선악과를 왜 만들어 우리를 시험에 빠트렸을까? 하나님은 왜 나의 고통은 돌봐 주시지 않는 걸까?  누구도 속 시원히 말해준 적 없었던 신과 인간과의 관계 감히 말할 수 없어 묻어뒀었지만  누구나 한 번쯤은 떠올렸던 궁금증들.  무조건적인 믿음만으로 강요될 수 없는 난해하고 철학적인 질문들이 점차 논리적으로 증명되어 가는데....", "poster_URL": "https://movie-phinf.pstatic.net/20180723_29/153231312036999GpN_JPEG/movie_image.jpg"}}, {"pk": 234, "model": "actors.movie", "fields": {"code": "20174663", "title": "돌아온다", "sales": "78587300", "audience": "12062", "open_date": "2017-12-07", "actors": [1979, 1980, 1981, 724, 1982], "genres": [1], "score": "7.93", "summary": "아무도 찾지 않을 것 같은\r 외딴 곳에 있는 평범한 막걸리집,\r 이곳은 마음 속에 그리움을 품은\r 이들의 안식처가 되어주고 있다.\r \r 그리고 그곳의 막걸리를 마시면 \r 그리운 사람이 돌아온다는 현판을 걸어두고는\r 다시 만나리라는 주문을 건다. \r 마치 신에게 기도하듯이. \r \r 그러던 어느 날, \r 서울에서 '주영'이라는 젊은 여성도\r 막걸리집을 찾아오는데...", "poster_URL": "https://movie-phinf.pstatic.net/20171120_196/1511144990516LBVxx_JPEG/movie_image.jpg"}}, {"pk": 235, "model": "actors.movie", "fields": {"code": "20174601", "title": "초행", "sales": "27053800", "audience": "3237", "open_date": "2017-12-07", "actors": [373, 1983], "genres": [1], "score": "7.72", "summary": "7년차 커플 수현(조현철)과 지영(김새벽)  그들에게 결혼을 생각할 시기가 찾아온다. 미술 강사와 방송국 계약직이라는 현실,  지영 어머니의 결혼 강요와 수현의 복잡한 가정사  '우리... 어디로 가야 하는 걸까?'", "poster_URL": "https://movie-phinf.pstatic.net/20171117_297/1510883496069EPzDb_JPEG/movie_image.jpg"}}, {"pk": 236, "model": "actors.movie", "fields": {"code": "20163906", "title": "아들에게 가는 길", "sales": "28546000", "audience": "4266", "open_date": "2017-11-30", "actors": [1984, 1985, 1986, 1316, 1987], "genres": [10, 1], "score": "9.01", "summary": "듣지도, 말하지도 못하는 부부 ‘보현’과 ‘성락’은 하나뿐인 아들의 미래를 위해 잠시 동안이나마 시골에 있는 어머니에게 맡긴다.  하지만 떨어져 지내는 시간만큼 아이와의 거리가 좁혀지지 않자 부부는 더욱 진심으로 다가서려 하지만, 아이는 자신의 말을 들어주지 못하는 부모가  그저 답답하기만 하는데…", "poster_URL": "https://movie-phinf.pstatic.net/20171115_299/1510734650610LI6Li_JPEG/movie_image.jpg"}}, {"pk": 237, "model": "actors.movie", "fields": {"code": "20170402", "title": "강철비", "sales": "35471767466", "audience": "4449854", "open_date": "2017-12-14", "actors": [40, 60, 1988, 36, 25, 30, 1989, 1573, 1866, 195, 1990, 932, 1991, 86, 1549, 1992, 1993, 1994], "genres": [6, 1], "score": "8.34", "summary": "쿠데타 발생 직후 최정예요원 '엄철우'(정우성)는  치명상을 입은 북한 1호와 함께 남한으로 내려온다.  그 사이 북한은 대한민국과 미국을 상대로 선전포고를, 남한은 계엄령을 선포한다. 이때 북한 1호가 남한으로 내려왔다는 정보를 입수한 외교안보수석 '곽철우'(곽도원)는  전쟁을 막기 위해 이들에게 긴밀한 접근을 시도하는데....", "poster_URL": "https://movie-phinf.pstatic.net/20171129_216/1511931096509Q0hpu_JPEG/movie_image.jpg"}}, {"pk": 238, "model": "actors.movie", "fields": {"code": "20150976", "title": "신과함께-죄와 벌", "sales": "115683354037", "audience": "14408687", "open_date": "2017-12-20", "actors": [627, 589, 983, 609, 361, 1995, 188, 442, 1996, 1265, 377, 475, 761, 629, 25, 41, 747, 1774, 1997, 1998, 178, 1999, 71, 673, 690, 2000, 75, 570, 46], "genres": [9, 1], "score": "7.83", "summary": "저승 법에 의하면, 모든 인간은 사후 49일 동안 7번의 재판을 거쳐야만 한다. 살인, 나태, 거짓, 불의, 배신, 폭력, 천륜 7개의 지옥에서 7번의 재판을 무사히 통과한 망자만이 환생하여 새로운 삶을 시작할 수 있다.   “김자홍 씨께선, 오늘 예정 대로 무사히 사망하셨습니다”  화재 사고 현장에서 여자아이를 구하고 죽음을 맞이한 소방관 자홍, 그의 앞에 저승차사 해원맥과 덕춘이 나타난다. 자신의 죽음이 아직 믿기지도 않는데 덕춘은 정의로운 망자이자 귀인이라며 그를 치켜세운다. 저승으로 가는 입구, 초군문에서 그를 기다리는 또 한 명의 차사 강림, 그는 차사들의 리더이자 앞으로 자홍이 겪어야 할 7개의 재판에서 변호를 맡아줄 변호사이기도 하다. 염라대왕에게 천년 동안 49명의 망자를 환생시키면 자신들 역시 인간으로 환생시켜 주겠다는 약속을 받은 삼차사들, 그들은 자신들이 변호하고 호위해야 하는 48번째 망자이자 19년 만에 나타난 의로운 귀인 자홍의 환생을 확신하지만, 각 지옥에서 자홍의 과거가 하나 둘씩 드러나면서 예상치 못한 고난과 맞닥뜨리는데…  누구나 가지만 아무도 본 적 없는 곳, 새로운 세계의 문이 열린다!", "poster_URL": "https://movie-phinf.pstatic.net/20171201_181/1512109983114kcQVl_JPEG/movie_image.jpg"}}, {"pk": 239, "model": "actors.movie", "fields": {"code": "20170590", "title": "1987", "sales": "58161406145", "audience": "7231057", "open_date": "2017-12-27", "actors": [1156, 627, 1003, 626, 857, 167, 1308, 1569, 991, 1652, 1708, 1497, 2001, 1177, 524, 715, 1679, 2002, 231, 150, 269, 1257, 2003, 1047, 1809, 238, 2000, 1497, 441, 352, 2004, 90], "genres": [1], "score": "9.23", "summary": "1987년 1월, 경찰 조사를 받던 스물두 살 대학생이 사망한다. 증거인멸을 위해 박처장(김윤석)의 주도 하에 경찰은 시신 화장을 요청하지만,  사망 당일 당직이었던 최검사(하정우)는 이를 거부하고 부검을 밀어붙인다. 단순 쇼크사인 것처럼 거짓 발표를 이어가는 경찰.  그러나 현장에 남은 흔적들과 부검 소견은 고문에 의한 사망을 가리키고,  사건을 취재하던 윤기자(이희준)는 ‘물고문 도중 질식사’를 보도한다.  이에 박처장은 조반장(박희순)등 형사 둘만 구속시키며 사건을 축소하려 한다. 한편, 교도소에 수감된 조반장을 통해 사건의 진상을 알게 된 교도관 한병용(유해진)은  이 사실을 수배 중인 재야인사에게 전달하기 위해 조카인 연희(김태리)에게 위험한 부탁을 하게 되는데…  한 사람이 죽고, 모든 것이 변화하기 시작했다. 모두가 뜨거웠던 1987년의 이야기.", "poster_URL": "https://movie-phinf.pstatic.net/20171215_265/1513327177055W7qpm_JPEG/movie_image.jpg"}}, {"pk": 240, "model": "actors.movie", "fields": {"code": "20175830", "title": "돌아와요 부산항애(愛)", "sales": "45930800", "audience": "5824", "open_date": "2018-01-17", "actors": [2005, 281, 2006, 1155, 62, 63, 2007, 2008, 2009, 2010, 2011, 2012, 947, 2013, 1093, 2014, 2015, 2016, 1148, 2017, 2018, 2019, 1939, 2020, 2021, 2022, 2023, 947, 2024, 2025, 2026], "genres": [2, 6, 1], "score": "4.45", "summary": "엄마와의 마지막 약속을 지키고 싶었던 ‘태주’와 엄마 때문에 평생 죄책감에 시달린 ‘태성’, 그 둘의 삶은 처음부터 삐걱거리기 시작했고  성서에 등장하는 야곱과 에서 쌍둥이 형제처럼  서로 미워하다 결국 서로에게 결코 지울 수 없는 상처를 주고 서로 다른 길을 간다.   넌 좋은 놈 난 나쁜 놈… 그렇게 살자  20년 후,   태주는 서울 강남서의 경찰로  태성은 부산 최고의 유물밀반출 범죄조직 마립칸의 후계자로 서로 다른 길을 걷게 된다.  부산에서 발생한 일본 유물밀반출 사건을 조사하던 태주는 마립칸의 2인자인 태성과 다시 만나게 된다.  모든 걸 지키고 싶었다    세상에 거룩한 건 돈밖에 없다?! 돈이 거룩이고 돈이 의리인 태성…  그런 태성에게도 단 하나의 소중한 사람이 있다. 어릴 때부터 태성을 묵묵히 바라보는 그의 연인 찬미, 오직 찬미만을 바라보며 이 악물고 경찰로서 성공을 향해 달려왔던 태주. 그러나… 그들에게 죽도록 지키고 싶었던 충격적 진실이 밝혀진다.", "poster_URL": "https://movie-phinf.pstatic.net/20180108_255/1515376871288j6bnf_JPEG/movie_image.jpg"}}, {"pk": 242, "model": "actors.movie", "fields": {"code": "20176769", "title": "광인옥한흠", "sales": "20357700", "audience": "2681", "open_date": "2017-12-28", "actors": [1106], "genres": [14], "score": "9.15", "summary": "“35년 동안 저에게 걸어 나온 사역의 길을 한마디로 요약하면 죽을 각오를 한 사역이었어요. 나는 솔직히 내 자신을 아끼지를 않았어요.” - 옥한흠\r \r “너무나 기가 막혀요. 오늘날 교역자들 제정신이 아니에요. 뭐 그렇다고 제가 모든 교역자를 이야기 하는 게 아니고 그래도 목회가 좀 잘되고 있다...성공했다...교회가 크다...하는 교회 목회자들을 이야기하는 거예요. 기가 막힌 사람들이 너무나 많아요.” - 옥한흠\r \r “왜 그렇게 됐느냐. 평신도가 그 교역자를 위해 존재한다고 생각하기 때문이에요. 자기가 평신도를 위해서 교회 주체인 평신도를 위해서 존재하는 종이라고 생각을 안하고 평신도가 자기를 위해 존재한다고 생각해요. 평신도가 자기의 성공과 만족을 위한 도구가 돼 버렸어요. 저는 이런 목회를 하는 목회자들 주님 앞에 가서 받을 심판이 절대 심상치 않다고 생각합니다.” - 옥한흠\r \r 옥한흠. 많은 사람들은 그를 광인(狂人)이라 불렀다.\r 예수님께 미치고\r 제자훈련에 미치고\r 평신도를 빛내고 싶어했던 광인(狂人)옥한흠\r 이제 그를 만날 수 있습니다.\r \r 한국 교회는 2007년 7월 8일 평양 대 부흥100주년 기념대회에서 선포된 옥한흠 목사의 설교를 잊지 못한다. 세속화되어 세상으로부터 비난과 조롱의 대상이 된 한국 교회에 준엄한 경고의 메시지를 전했기 때문이다. 영화는 이를 시작으로 어그러진 한국 교회의 회복을 위한 방법을 제시하는데 목회자에게 그 초점을 맞춘다. 교회의 양적인 성장이 중요한 것이 아니라 질적인 성숙을 이루어 가야 한다고 주장했다. 이를 위하여 목회자의 교회론과 목회 철학의 중요성을 강조했는데 옥한흠은 제자훈련을 통해 증명했다. 그리고 가르쳐 지키게 하라, 곧 지킬 때까지 가르치라는 주님의 명령에 근거한 제자훈련은 목회자 자신이 죽지 않으면 결코 성공할 수 없다 했다.\r \r 어떤 일을 하기 위해서는 왜 그 일을 해야 하는지 알아야 하는데 그것이 분명하면 열정을 갖게 되고, 열정을 품고 달려가다 보면 비전이 보인다는 그의 광인 공식은 오늘 날 많은 목회자들에게 영향을 주고 있다. 또한 옥한흠은 항상 평신도를 앞세우고 자신은 뒤로 서는 전형적인 목자의 모습을 지향했는데, 오늘날 목회자가 자신의 야망을 위하여 평신도를 수단으로 이용하는 것에 대해서는 매우 분노했다.\r \r 한국에서 가장 존경받는 목회자로 자리매김을 한 옥한흠 목사는 스스로 광인이라고 표현했다. 그는 총 3번에 걸쳐 스스로 미쳤다고 했는데 그것은 제자훈련을 두고 한 말이었다.", "poster_URL": "https://movie-phinf.pstatic.net/20171205_240/1512442167661I4C91_JPEG/movie_image.jpg"}}, {"pk": 243, "model": "actors.movie", "fields": {"code": "20176104", "title": "그것만이 내 세상", "sales": "27433164382", "audience": "3415953", "open_date": "2018-01-17", "actors": [22, 560, 199, 918, 2029, 1047, 304, 72, 715, 2030, 502, 1549, 2031, 1047, 2032, 1916, 2033, 2034, 1394, 2035, 2036, 2037, 1490, 215, 215, 1741, 2038, 2039, 2040], "genres": [5, 1], "score": "8.91", "summary": "한때는 WBC 웰터급 동양 챔피언이었지만 지금은 오갈 데 없어진 한물간 전직 복서 '조하'(이병헌). 우연히 17년 만에 헤어진 엄마 '인숙'(윤여정)과 재회하고, 숙식을 해결하기 위해 따라간 집에서 듣지도 보지도 못했던 뜻밖의 동생 '진태'(박정민)와 마주한다.  난생처음 봤는데… 동생이라고?!  라면 끓이기, 게임도 최고로 잘하지만 무엇보다 피아노에 천재적 재능을 지닌 서번트증후군 진태. 조하는 입만 열면 \"네~\" 타령인 심상치 않은 동생을 보자 한숨부터 나온다. 하지만 캐나다로 가기 위한 경비를 마련하기 전까지만 꾹 참기로 결심한 조하는 결코 만만치 않은 불편한 동거생활을 하기 시작하는데…  살아온 곳도, 잘하는 일도, 좋아하는 것도 다른 두 형제가 만났다!", "poster_URL": "https://movie-phinf.pstatic.net/20180122_124/1516586697016QmvO1_JPEG/movie_image.jpg"}}, {"pk": 244, "model": "actors.movie", "fields": {"code": "20168161", "title": "1급기밀", "sales": "1723996200", "audience": "217956", "open_date": "2018-01-24", "actors": [942, 1625, 370, 1023, 2041, 1969, 1874, 352, 756, 250, 568, 2042, 2043, 2044, 2045, 1194, 2025, 2046, 2047, 2048], "genres": [1], "score": "8.87", "summary": "국방부 군수본부 항공부품구매과 과장으로 부임한 박대익 중령(김상경)에게 어느 날,  공군 전투기 파일럿 강영우 대위가 찾아와 전투기 부품 공급 업체 선정에 대한 의혹을 제기한다.  이에 대익이 부품구매 서류를 확인하던 중 유독 미국의 에어스타 부품만이 공급되고 있음을 발견한다.   한편 강영우 대위가 전투기 추락 사고를 당하고,  이를 조종사 과실로 만들어 사건을 은폐하는 과정을 지켜본 대익은 큰 충격을 받는다.  그리고 은밀한 뒷조사 끝에 차세대 전투기 도입에 관한  에어스타와 연계된 미 펜타곤과 국방부 간에 진행되고 있는 모종의 계약을 알게 된다.   딸에게만큼은 세상에서 가장 바보 같지만 세상에서 제일 용감한 군인으로 남고 싶은 대익은  [PD25시]의 기자 김정숙(김옥빈)과 손잡고 국익이라는 미명으로 군복 뒤에 숨은 도둑들의 만행을 폭로하기로 결심하는 데…   그들이 시작한 전쟁, 절대로 항복하지 않을 것이다!", "poster_URL": "https://movie-phinf.pstatic.net/20171229_122/1514509440369GnxtO_JPEG/movie_image.jpg"}}, {"pk": 245, "model": "actors.movie", "fields": {"code": "20174323", "title": "B급 며느리", "sales": "130134000", "audience": "16618", "open_date": "2018-01-17", "actors": [2049, 2050, 2051, 2052, 2053, 2054, 2055, 2056], "genres": [14], "score": "7.98", "summary": "대한민국 며느리들이 짊어져 온 모든 억압과 착취에 맞서겠다는 B급 며느리 ‘진영’ 덕분에 오늘도 난 엄마와 진영 사이에서 등 터진 새우 꼴이 된다.  그런데 이상하다. 사람들이 나의 불행을 좋아한다. 그래서 난 나의 불행을 팔아먹기로 했다. 나를 갈아 넣으면 멋진 다큐 하나 나오겠지?", "poster_URL": "https://movie-phinf.pstatic.net/20171226_245/15142552191687NXgt_JPEG/movie_image.jpg"}}, {"pk": 246, "model": "actors.movie", "fields": {"code": "20189525", "title": "젝스키스 에이틴", "sales": "302111300", "audience": "40283", "open_date": "2018-01-18", "actors": [2057, 1052, 2058, 2059, 2060, 1052], "genres": [14], "score": "9.03", "summary": "“제가 죽기 전에 젝키 5집을 다시 들을 수 있을지는….” (20주년 콘서트 현장 옐키/팬 인터뷰 중에서)\r \r 세기말 4집 <컴백>을 끝으로 그룹해체라는 선로에 놓였던 6명의 멤버들은 각자의 길을 걸어왔다.\r 운명적인 2016년. 5명의 멤버로 재결합한 젝스키스. \r 그들은 또 어떤 모습으로 대중과 팬들을 마주할지….\r \r 1997년 4월 15일 데뷔 이후, 20주년을 맞이한 젝스키스.\r 폼생폼사를 외치며 힘껏 점프하던 소년에서, 어느덧 세기를 뛰어넘어 18년만에 5집앨범을 발매하며 어느새 양쪽 어깨가 제범 무거워진 그들. \r 음악에 대한 각자의 생각들. 앞으로의 행보, 20년 가까지 변함없이 곁을 지켜준 팬들에 대한 솔직한 마음을 담은 다큐멘터리 형식의 영화 <젝스키스 에이틴>.\r \r 18년만에 지켜지는 5집 앨범에 대한 약속은 예견된 운명처럼 지켜졌고, 고척스카이돔에서 열린 20주년 콘서트의 <아마겟돈> 오프닝곡을 시작으로, \r 5집 앨범에 수록된 <오랜만이에요>,<특별해>,<현기증>,<백허그>,<술끊자> 등의 라이브 실황을 함께 스토리에 녹여, 총 99분에 달하는 한 편의 새로운 기록을 남긴다.\r \r 학창시절 우리를 울고 웃게 만들었던 그들은 그땐 마치 손에 닿지 않는 하늘의 별에서, \r 이제는 영원히 우리 곁을 함께하는 계절로 돌아와 인간적이고 따뜻한 모습으로 감동을 주려 한다.", "poster_URL": "https://movie-phinf.pstatic.net/20180108_86/1515373209195yJGQs_JPEG/movie_image.jpg"}}, {"pk": 247, "model": "actors.movie", "fields": {"code": "20161724", "title": "스타박'스 다방", "sales": "11831000", "audience": "1642", "open_date": "2018-01-11", "actors": [2061, 2062, 2063, 2064, 2065, 843, 2066, 2067, 2068, 2069, 2070, 2071, 2072, 753], "genres": [5, 1], "score": "6.88", "summary": "서울대 법학과를 졸업한 ‘성두’, \r 엄마의 강권에 사법고시를 준비하는 척하지만, 그는 그냥 커피가 좋다.\r 그런 성두는 결국 꿈을 위해, 바리스타로의 길을 나서는데…\r \r “제 2의 인생 <스타박’스 다방>”\r \r 엄마의 기대를 뒤로하고 삼척으로 내려간 ‘성두’,\r 이모 ‘주란’이 운영하던 허름한 ‘별다방’을 카페로 리모델링 하여 ‘스타박’스 다방’을 개업하게 된다.\r 작은 시골 마을에 향긋한 커피 향을 전하고자 하는 ‘성두’의 바람은 이뤄 질 것인가!\r \r * (Note) 영화 <스타박'스 다방>은 커피체인점 <스타벅스>와는 아무 상관이 없고 <스타벅스>로 부터 아무 지원도 받지 않았습니다. 제목도 다르고 <스타벅스>와는 완전히 무관합니다.", "poster_URL": "https://movie-phinf.pstatic.net/20171212_239/1513040119164dt0YP_JPEG/movie_image.jpg"}}, {"pk": 248, "model": "actors.movie", "fields": {"code": "20175930", "title": "피의 연대기", "sales": "32801700", "audience": "4064", "open_date": "2018-01-18", "actors": [2073, 2074, 2075, 1408, 2076, 2077, 555, 2078, 2079, 2080, 2081, 2039, 1144, 2082, 2083, 689, 2074], "genres": [14], "score": "9.19", "summary": "한 달에 한 번, 일 년에 12번, 살아가면서 적어도 400번… 귀찮은 ‘그날’의 이름은 대자연, 마법, 반상회 = ‘생리’! ‘여성의 몸’과 ‘생리’에 관한 범시대적, 범세계적 탐구다큐.", "poster_URL": "https://movie-phinf.pstatic.net/20180116_12/1516070687936QLFz9_JPEG/movie_image.jpg"}}, {"pk": 249, "model": "actors.movie", "fields": {"code": "20177473", "title": "비밥바룰라", "sales": "298145200", "audience": "42929", "open_date": "2018-01-24", "actors": [1311, 615, 1898, 2084, 4, 2085, 78, 2086, 1864, 2087, 2088, 2089, 2090, 2091], "genres": [5], "score": "8.92", "summary": "평균 나이 일흔, 지병 하나 정도는 기본 스펙인 네 명의 시니어벤져스 더 멋진 황혼을 맞이하기로 결심한 네 사람은 가족을 위해 지금껏 미뤄왔던 각자의 버킷리스트를 꺼내기 시작한다. 예상을 뛰어넘는 그들의 프로젝트에 온 동네가 발칵 뒤집히게 되는데…  꽃보다 아름다운 진짜 인생을 마주하다!", "poster_URL": "https://movie-phinf.pstatic.net/20180115_171/1515982258671smQuV_JPEG/movie_image.jpg"}}, {"pk": 250, "model": "actors.movie", "fields": {"code": "20168323", "title": "염력", "sales": "7461039112", "audience": "986358", "open_date": "2018-01-31", "actors": [838, 207, 199, 1245, 9, 1000, 690, 2092, 1970, 2093, 2094, 1269, 147, 2095, 2096, 614, 187, 2097, 2098, 2099, 2100, 1282, 2101, 2102, 2103, 2104, 2105, 2106], "genres": [1, 5], "score": "4.99", "summary": "평범한 은행 경비원 ‘석헌’(류승룡). 어느 날 갑자기 그의 몸에 이상한 변화가 찾아온다.  생각만으로 물건을 움직이는 놀라운 능력, 바로 염력이 생긴 것.   한편, ‘민사장’(김민재)과 ‘홍상무’(정유미)에 의해  ‘석헌’의 딸, 청년 사장 ‘루미’(심은경)와 이웃들이 위기에 처하게 되고... ‘석헌’과 ‘루미’, 그리고 변호사 ‘정현’(박정민)이 그들에 맞서며 놀라운 일이 펼쳐지는데...!  어제까진 초평범, 하루아침에 초능력 이제 그의 염력이 폭발한다!", "poster_URL": "https://movie-phinf.pstatic.net/20180129_221/1517191055147VRBCD_JPEG/movie_image.jpg"}}, {"pk": 251, "model": "actors.movie", "fields": {"code": "20169443", "title": "공동정범", "sales": "45412600", "audience": "6189", "open_date": "2018-01-25", "actors": [2107, 2108, 2109, 2110, 2111, 2112, 2107, 2113, 2114, 2115], "genres": [14], "score": "8.11", "summary": "2009년 1월 20일, 철거민 5명, 경찰 특공대원 1명이 사망한 ‘용산참사’ 이후\r 억울하게 수감되었던 철거민들이 처음으로 한자리에 모였다.\r \r 원인 모를 화재 속에서 살아남은 이들은 동료와 경찰관을 죽였다는 죄명으로 범죄자가 되었다.\r 반가움도 잠시, 오랜만에 만난 그들은 서로를 탓하며 잔인한 말들을 쏟아낸다.\r 그 동안 그들에게 무슨 일이 있었던 걸까.", "poster_URL": "https://movie-phinf.pstatic.net/20180103_69/1514944948770udvk7_JPEG/movie_image.jpg"}}, {"pk": 252, "model": "actors.movie", "fields": {"code": "20179205", "title": "조선명탐정: 흡혈괴마의 비밀", "sales": "19818120564", "audience": "2443282", "open_date": "2018-02-08", "actors": [446, 442, 2116, 2117, 2118, 1708, 2119, 2120, 66, 2121, 1390, 2122, 353, 2123, 2124, 1701, 2125, 2126, 1279, 2127, 2128, 2129, 2130, 2131, 1960, 2132, 2133, 2134, 2135, 2136, 2026, 2137], "genres": [4, 15, 5], "score": "6.63", "summary": "기이한 불에 사람들이 타 죽는 미스터리한 사건이 계속되자 명탐정 김민과 파트너 서필이 다시 뭉친다. 그러던 중 사건 현장에서 자꾸 의문의 여인과 마주치게 되고, 직감적으로 그녀와 사건이 관련되어 있음을 느낀 명탐정 콤비는 의문의 여인과 함께 사건을 쫓기 시작한다.  범인이 남긴 단서들로 다음 목표물을 찾아낸 세 사람, 하지만 정체를 알 수 없는 남자 흑도포와 의문의 자객들이 세 사람의 수사를 방해하기 시작하는데…  모든 귀(鬼)들의 힘이 가장 세지는 보름!  만월에 열리는 달맞이 연회에 일어날 다섯 번째 살인을 막아라!", "poster_URL": "https://movie-phinf.pstatic.net/20180103_83/1514944124667mI6T8_JPEG/movie_image.jpg"}}, {"pk": 253, "model": "actors.movie", "fields": {"code": "20189761", "title": "터닝메카드W: 반다인의 비밀 특별판", "sales": "160432200", "audience": "21220", "open_date": "2018-02-08", "actors": [1263, 1268, 2138, 1269, 2139, 2138, 852, 2140, 850, 1045, 2141], "genres": [7], "score": "6.30", "summary": "평화로운 나날을 보내고 있는 나찬과 친구들. 프랭클린 박사의 호출로 나찬과 이소벨, 반다인은 \r 트라이포스로 향하고 연구소에서 탄생한 새로운 메카니멀들을 테이밍한 후 직접 교육해야 하는 \r 임무를 맡는다.\r 윙나이트'와 '윙레오', '하이테로', 각각 영혼을 가진 네 개의 발사체인 '사성수'를 이끄는 '마스터'. \r 나찬과 이소벨, 반다인은 각자 메카니멀 레이더로 새롭고 강력해진 메카니멀을 추적해 테이밍한다. \r 한편 다시 만난 반다인은 험악한 표정으로 나찬에게 갑작스러운 메카니멀 배틀을 신청하는데...", "poster_URL": "https://movie-phinf.pstatic.net/20180202_136/1517535658044zSakg_JPEG/movie_image.jpg"}}, {"pk": 254, "model": "actors.movie", "fields": {"code": "20168250", "title": "골든슬럼버", "sales": "11409972798", "audience": "1386882", "open_date": "2018-02-14", "actors": [231, 36, 472, 545, 29, 1017, 46, 1455, 731, 39, 220, 238, 2142, 318, 1337, 805, 2143, 248, 1389, 2144, 989, 2145, 2146, 2147, 2148, 2148, 2149, 2150, 2151, 2152, 2153, 1913, 2154, 2155, 2156, 199, 2157, 1830, 2130, 1960, 1477, 2132, 2158, 427, 2159, 2160, 162, 2161, 527, 2046, 1196, 238, 692], "genres": [2, 1], "score": "5.21", "summary": "착하고 성실한 택배기사 ‘건우’(강동원).  최근 모범시민으로 선정되어 유명세를 탄 그에게 고등학교 시절 친구 ‘무열’(윤계상)로부터 연락이 온다. 오랜만에 재회한 반가움도 잠시,  그들 눈 앞에서 유력 대선후보가 폭탄 테러에 의해 암살당하는 사건이 벌어진다.  당황한 건우에게 무열은 이 모든 것은 계획된 것이며,  건우를 암살범으로 만들고 그 자리에서 자폭 시키는 게 조직의 계획이라는 이야기를 전한다.   겨우 현장에서 도망치지만 순식간에 암살자로 지목되어 공개 수배된 건우.  CCTV, 지문, 목격자까지 완벽히 조작된 상황, 무열이 남긴 명함 속 인물, 전직 요원인 ‘민씨’(김의성)를 찾은 건우는 그를 통해 사건의 실체를 조금씩 알게 된다.  살아 남기 위해, 그리고 누명을 벗기 위해 필사적으로 맞서는 건우.  하지만 자신이 도망칠수록 오랜 친구인 ‘동규’(김대명), ‘금철’(김성균), ‘선영’(한효주)마저  위험에 빠지게 되는데…", "poster_URL": "https://movie-phinf.pstatic.net/20180129_75/1517203407129cCrpT_JPEG/movie_image.jpg"}}, {"pk": 255, "model": "actors.movie", "fields": {"code": "20176121", "title": "흥부: 글로 세상을 바꾼 자", "sales": "3366948200", "audience": "414305", "open_date": "2018-02-14", "actors": [1704, 2, 288, 511, 6, 799, 1476, 1878, 473, 1417, 1708, 71, 1971, 2162, 2163, 2163, 2164, 54, 1620, 2165, 771, 2166, 1963, 1390, 676, 2167, 2168, 2169, 2169, 1728, 195, 71, 2170, 2171, 2172, 2033, 2173, 2174, 2175, 1384, 2176, 1324, 2129, 2177, 2178, 1576, 653, 1559, 2179, 2180, 2181, 2182, 365, 2183, 2184, 2185, 2186, 1514, 2187, 1933, 2188, 2189, 1257, 2190, 2191, 621], "genres": [4], "score": "4.43", "summary": "아무도 몰랐던 형제, 흥부 - 놀부 양반들의 권력 다툼으로 백성들의 삶이 날로 피폐해져 가던 조선 헌종 14년. 붓 하나로 조선 팔도를 들썩이게 만든 천재작가 ‘흥부’는 어릴 적 홍경래의 난으로 헤어진 형 ‘놀부’를 찾기 위해 글로써 자신의 이름을 알리려 한다.   모두가 알고 있는 형제, 조혁 - 조항리 수소문 끝에 형의 소식을 알고 있다는 ‘조혁’을 만나게 된 ‘흥부’는  모 잃은 아이들을 돌보며 백성들의 정신적 지도자로 존경 받는 ‘조혁’을 통해 새로운 깨달음을 얻는다. 한편, 백성을 생각하는 동생 ‘조혁’과 달리 권세에 눈이 먼 형 ‘조항리’의 야욕을 목격한 ‘흥부’는 전혀 다른 이 두 형제의 이야기를 쓰기로 결심한다.  그렇게 탄생한 ‘흥부전’은 순식간에 조선 전역에 퍼져나가고, 이를 지켜보던 ‘조항리’는 그를 이용해 조선을 삼킬 음모를 계획하는데…", "poster_URL": "https://movie-phinf.pstatic.net/20180123_152/1516695213779eHFwo_JPEG/movie_image.jpg"}}, {"pk": 256, "model": "actors.movie", "fields": {"code": "20170841", "title": "리틀 포레스트", "sales": "11901079385", "audience": "1502451", "open_date": "2018-02-28", "actors": [626, 212, 150, 2192, 1134, 2193, 715, 2194, 771, 2195, 2196, 1728, 2197, 2198, 2199, 1209, 334, 2200, 2201, 2202, 2203, 348, 2204, 2205, 2091, 2206, 2207, 2208, 2209, 2210, 2161, 1666, 2211, 2212], "genres": [1], "score": "8.77", "summary": "시험, 연애, 취업… 뭐하나 뜻대로 되지 않는 일상을 잠시 멈추고 고향으로 돌아온 혜원은 오랜 친구인 재하와 은숙을 만난다   남들과는 다른, 자신만의 삶을 살기 위해 고향으로 돌아온 ‘재하’,  평범한 일상에서의 일탈을 꿈꾸는 ‘은숙’과 함께 직접 키운 농작물로 한끼 한끼를 만들어 먹으며 겨울에서 봄, 그리고 여름, 가을을 보내고 다시 겨울을 맞이하게 된 혜원.   그렇게 특별한 사계절을 보내며 고향으로 돌아온 진짜 이유를 깨닫게 된 혜원은  새로운 봄을 맞이하기 위한 첫 발을 내딛는데…", "poster_URL": "https://movie-phinf.pstatic.net/20180130_167/1517289346533DfzLE_JPEG/movie_image.jpg"}}, {"pk": 257, "model": "actors.movie", "fields": {"code": "20162361", "title": "환절기", "sales": "44258500", "audience": "5337", "open_date": "2018-02-22", "actors": [1958, 1021, 292, 1571, 1747, 1833, 2213, 2214, 679, 2215, 2139, 2216], "genres": [1], "score": "8.14", "summary": "고3 아들 수현을 키우며 남편과 떨어져 사는 미경. 수현은 엄마에게 그리 살가운 편은 아니지만 착한 아들이다.  어느 날 수현은 어려움을 겪고 있는 친구 용준을 데리고 와 함께 지내게 된다. 용준은 말수가 적고 어두운 표정의 청년이다.  몇 년 후, 군에서 제대한 수현은 용준과 함께 떠난 여행길에서 사고를 당해 중태에 빠진다.  식물인간이 된 아들 수현의 투병생활을 곁에서 지키는 미경은 혼자만 멀쩡히 돌아 온 용준이 원망스럽기만 하다.  그리고, 수현과 용준이 서로 사랑하는 사이였다는 것을 뒤늦게 알게 된 미경은 용준 몰래 아들 수현과 함께 자취를 감춘다.  홀로 남은 용준은 수현과 미경을 찾아헤맨다.", "poster_URL": "https://movie-phinf.pstatic.net/20180202_55/1517534999124GPPFx_JPEG/movie_image.jpg"}}, {"pk": 258, "model": "actors.movie", "fields": {"code": "20150969", "title": "궁합", "sales": "10468058438", "audience": "1338324", "open_date": "2018-02-28", "actors": [207, 2217, 942, 696, 1643, 731, 863, 563, 2218, 834, 2219, 660, 524, 599, 2220, 1678, 1678, 2221, 2222, 2223, 2224, 1080, 1249, 2225, 2226, 2123, 1077, 2227, 2227, 2228, 2229, 1279, 2230, 2231, 2232, 2233, 2022, 113, 2234, 563, 120, 1784, 2235, 1188, 2236, 1098, 2237, 2238], "genres": [5, 1], "score": "6.44", "summary": "극심한 흉년이 지속되던 조선시대, 송화옹주(심은경)의 혼사만이 가뭄을 해소할 것이라 믿는 왕(김상경)은 대대적인 부마 간택을 실시하고, 조선 최고의 역술가 서도윤(이승기)은 부마 후보들과 송화옹주의 궁합풀이를 맡게 된다. 사나운 팔자로 소문나 과거 혼담을 거절당한 이력의 송화옹주는 얼굴도 모르는 사람을 남편으로 맞이할 수 없다고 판단하고  부마 후보들의 사주단자를 훔쳐 궐 밖으로 나가 후보들을 차례로 염탐하기 시작한다. 송화옹주가 사주단자를 훔친 궁녀라고 오해한 서도윤은 사주단자를 되찾기 위해 그녀의 여정에 함께 하게 되는데..  야심찬 능력남 윤시경(연우진), 경국지색의 절세미남 강휘(강민혁), 효심 지극한 매너남 남치호(최우식)에 대세 연하남까지! 조선의 팔자를 바꿀 최고의 합(合)을 찾아라!", "poster_URL": "https://movie-phinf.pstatic.net/20180209_36/1518146280303ogba8_JPEG/movie_image.jpg"}}, {"pk": 259, "model": "actors.movie", "fields": {"code": "20189663", "title": "게이트", "sales": "816351600", "audience": "99731", "open_date": "2018-02-28", "actors": [2239, 1790, 799, 25, 616, 982, 2219, 1061, 2240, 2241, 2241, 2242], "genres": [2, 5], "score": "3.62", "summary": "변두리 동네의 한 아파트에 모여 설계도를 펼치는 수상한 녀석들 인생 역전 대박을 이뤄줄 마지막 한 탕을 노린다. 근데, 파면 팔수록 뭔가 이상하다? 금고 털러 왔다가 대한민국을 뒤집어버린 남다른 스케일의 도둑들이 온다! 뭔.가.있.어 당신이 생각하는 그거 말고…", "poster_URL": "https://movie-phinf.pstatic.net/20180615_281/1529041609639g6HwN_JPEG/movie_image.jpg"}}, {"pk": 260, "model": "actors.movie", "fields": {"code": "20178781", "title": "사라진 밤", "sales": "10688022116", "audience": "1314308", "open_date": "2018-03-07", "actors": [942, 2243, 2244, 352, 555, 632, 614, 1195, 2245], "genres": [12], "score": "6.99", "summary": "아내(김희애)를 살해하고 완전범죄를 계획한 남편(김강우). 몇 시간 후, 국과수 사체보관실에서 그녀의 시체가 흔적도 없이 사라진다. 그리고 남편에게 도착한 문자 한 통. \"우리의 비밀을 묻은 곳에서 기다릴게\"  남편을 의심하기 시작한 형사(김상경)와 이 모든 것이 아내의 계획이라고 주장하는 남편. 그녀는 정말 죽은 걸까? 사라진 걸까?", "poster_URL": "https://movie-phinf.pstatic.net/20180219_109/15190203631845L35p_JPEG/movie_image.jpg"}}, {"pk": 261, "model": "actors.movie", "fields": {"code": "20170669", "title": "지금 만나러 갑니다", "sales": "20777104628", "audience": "2599100", "open_date": "2018-03-14", "actors": [1706, 685, 2246, 694, 771, 646, 2247, 46, 1747, 1502, 2248, 756, 1031, 1390, 2249, 65, 2250, 2251, 195, 2170, 2252, 1671, 1961, 2253, 2254, 2255, 1933, 2256, 2257], "genres": [3], "score": "8.72", "summary": "비가 오는 날 다시 돌아오겠다는 믿기 힘든 약속을 남기고 세상을 떠난 ‘수아’.  그로부터 1년 뒤 장마가 시작되는 어느 여름 날,  세상을 떠나기 전과 다름없는 모습의 ‘수아’가 나타난다.  하지만 ‘수아’는 ‘우진’이 누구인지조차도 기억하지 못한다.   난, 너와 다시 사랑에 빠졌어.  자신을 기억하지 못해도 그녀가 곁에 있다는 사실만으로 행복에 젖은 ‘우진’과  자신이 기억하지 못하는 그와의 이야기가 궁금한 ‘수아’.  ‘우진’이 들려주는 첫 만남, 첫 사랑, 첫 데이트, 첫 행복의 순간을 함께 나누며  ‘수아’는 ‘우진’과 다시 사랑에 빠지는데…  기다려 주세요  지금 만나러 갑니다", "poster_URL": "https://movie-phinf.pstatic.net/20180305_19/1520225513539qKxjR_JPEG/movie_image.jpg"}}, {"pk": 262, "model": "actors.movie", "fields": {"code": "20170422", "title": "바나나쏭의 기적", "sales": "57341200", "audience": "8157", "open_date": "2018-03-08", "actors": [2258], "genres": [14], "score": "9.32", "summary": "넘치는 카리스마 탓에 무섭기로 소문난 성악가 '김재창'. 그는 은퇴 후 인도에서 제2의 인생을 시작한다. 다름 아닌 한 번도 정식으로 노래를 배운 적 없는 빈민가 가족들을 모아 합창단을 꾸리기로 마음먹은 것. 하지만 단원들은 타고난 음치 박치인 데다, 이런저런 핑계로 결석만 늘어간다. 평균 출석 5명, 마음도 열리고 뚜껑도 열린다! 바나나 합창단과의 동행, 과연 이대로 괜찮을까?", "poster_URL": "https://movie-phinf.pstatic.net/20180219_284/1519019192715vsceR_JPEG/movie_image.jpg"}}, {"pk": 263, "model": "actors.movie", "fields": {"code": "20172244", "title": "치즈인더트랩", "sales": "1886768400", "audience": "228413", "open_date": "2018-03-14", "actors": [2259, 780, 2260, 1215, 345, 1438, 1550, 2261, 2262, 1162, 246, 2263, 2264, 1047, 214, 2265, 1792, 2266, 2267, 2268, 2038, 2269], "genres": [3, 12], "score": "5.11", "summary": "부드러운 미소 뒤에 숨겨진 싸늘한 모습. 피하고 싶은 '유정(박해진)' 선배가 갑자기 나에게 다가와 말을 걸기 시작했다. 함께 밥 먹고, 함께 과제하고, 조별 숙제 핑계로 영화도 보고... 그가 달라진 걸까. 아님 다른 꿍꿍이가 있는 걸까. 아니면 정말 나를...?  '설아, 나랑 사귈래?' 완벽하지만 위험한 선배의 달콤한 덫에 걸렸다!", "poster_URL": "https://movie-phinf.pstatic.net/20180320_290/1521509010545wpc05_JPEG/movie_image.jpg"}}, {"pk": 264, "model": "actors.movie", "fields": {"code": "20181561", "title": "덕구", "sales": "2364036900", "audience": "311133", "open_date": "2018-04-05", "actors": [1365, 673, 1265, 1864, 220, 1206, 2219, 937, 1422, 2270, 2271, 1324, 2233, 2272, 2273], "genres": [1], "score": "9.42", "summary": "어린 손자와 살고 있는 일흔 살 덕구 할배는 자신에게 주어진 시간이 얼마 남지 않음을 알게 된다. 세상에 덩그러니 남겨질 두 아이들을 위해 할배는 자신을 대신할 사람을 찾아주기로 하고, 홀로 먼 길을 떠나 특별한 선물을 준비하는데..", "poster_URL": "https://movie-phinf.pstatic.net/20180312_10/1520835949152TqOUm_JPEG/movie_image.jpg"}}, {"pk": 265, "model": "actors.movie", "fields": {"code": "20180804", "title": "곤지암", "sales": "21429652844", "audience": "2674158", "open_date": "2018-03-28", "actors": [2274, 1960, 2275, 2276, 1394, 2277, 2278, 1485], "genres": [11, 12], "score": "6.42", "summary": "1979년 환자 42명의 집단 자살과 병원장의 실종 이후, 섬뜩한 괴담으로 둘러싸인 곤지암 정신병원으로 공포체험을 떠난 7명의 멤버들  원장실, 집단 치료실, 실험실, 열리지 않는 402호… 괴담의 실체를 담아내기 위해 병원 내부를 촬영하기 시작하던 멤버들에게 상상도 못한 기이하고 공포스러운 일들이 실제로 벌어지기 시작 하는데…  가지 말라는 곳에는 반드시 이유가 있다. 소름 끼치는 ‘곤지암 정신병원’ 의 실체를 체험하라!", "poster_URL": "https://movie-phinf.pstatic.net/20180406_37/1522991036857QqP7N_JPEG/movie_image.jpg"}}, {"pk": 266, "model": "actors.movie", "fields": {"code": "20164389", "title": "엄마의 공책", "sales": "36319200", "audience": "4631", "open_date": "2018-03-15", "actors": [410, 1298, 1377, 2280, 2281, 46, 605, 2282, 2283, 908, 2284], "genres": [1, 10], "score": "9.06", "summary": "30년간 반찬가게를 한 애란(이주실)과 시간강사를 전전하는 규현(이종혁)은 서로에게 쌀쌀맞은 모자다. 그래도 규현은 해장에 최고인 동치미 국수, 아플 때도 벌떡 일어날 수 있게 해주는 벌떡죽, 그리고 딸 소율이 가장 좋아하는 주먹밥까지 엄마 손맛만은 늘 생각난다. 그런데 어느 날부터인가 애란이 자꾸만 정신을 놓고 아들이 죽었다는 이상한 소리를 한다. 증세가 심해지면서 반찬가게마저 정리하려 할 때, 규현은 애란이 음식을 만들 때마다 삐뚤빼뚤한 글씨로 열심히 레시피를 적어놓은 공책을 발견하게 되는데...", "poster_URL": "https://movie-phinf.pstatic.net/20180305_3/15202291250702GsOs_JPEG/movie_image.jpg"}}, {"pk": 267, "model": "actors.movie", "fields": {"code": "20181366", "title": "미니특공대X", "sales": "714136400", "audience": "95562", "open_date": "2018-03-22", "actors": [129, 260, 1187, 852, 854, 1187], "genres": [7], "score": "7.60", "summary": "놀라운 스피드의 소유자 볼트부터 맥스, 새미, 루시까지 \r 최강의 전사 미니특공대는 ‘맹수 파워’로 한층 더 강력해진다. \r 신입 원숭이 대원, 재키가 합류해 활기를 더해가던 중, \r 외계 군단이 동물 세계를 넘어 지구까지 혼란에 빠뜨리기 시작하는데...\r \r 과연, 미니특공대는 강력해진 외계 군단에 맞서 위기에 처한 지구를 지켜낼 수 있을까?", "poster_URL": "https://movie-phinf.pstatic.net/20180220_103/15191171709338noY4_JPEG/movie_image.jpg"}}, {"pk": 268, "model": "actors.movie", "fields": {"code": "20173962", "title": "소공녀", "sales": "431829900", "audience": "54055", "open_date": "2018-03-22", "actors": [290, 378, 2285, 2286, 2287, 2288, 2289, 871, 865, 1955, 1955, 875, 875, 1149, 2290, 561, 869, 869, 334, 653, 2291, 2292, 2293, 2294, 2295, 2296, 2297, 651, 2298, 1075, 2213], "genres": [3, 1], "score": "8.81", "summary": "하루 한 잔의 위스키와 한 모금의 담배 그리고 사랑하는 남자친구만 있다면 더 바라는 것이 없는 3년 차 프로 가사도우미 ‘미소’.  새해가 되자 집세도 오르고 담배와 위스키 가격마저 올랐지만 일당은 여전히 그대로다. 좋아하는 것들이 비싸지는 세상에서 포기한 건 단 하나, 바로 ‘집’.  집만 없을 뿐 일도 사랑도 자신만의 방식대로 살아가는 사랑스러운 현대판 소공녀 ‘미소’의 도시 하루살이가 시작된다!", "poster_URL": "https://movie-phinf.pstatic.net/20180306_274/1520300631041QOrJ2_JPEG/movie_image.jpg"}}, {"pk": 269, "model": "actors.movie", "fields": {"code": "20154908", "title": "7년의 밤", "sales": "3936545024", "audience": "522505", "open_date": "2018-03-28", "actors": [838, 1775, 2299, 2300, 169, 184, 340, 1141, 352, 1454, 2301, 524, 86, 2163, 421, 1754, 1080, 2302, 2303, 2304, 2305, 2306, 1880, 1539, 2307, 2308, 2309, 1257, 2310], "genres": [12, 1], "score": "4.80", "summary": "우발적 사고  잘못된 선택 \"그날 밤, 나는 살인자가 되었다\"  인적이 드문 세령마을의 댐 관리팀장으로 부임을 앞둔 ‘최현수’. 가족이 지낼 사택을 보러 가는 날, 안개가 짙게 깔린 세령마을 입구에서 길을 잃고 헤매던 중 갑자기 뛰어나온 여자 아이를 쳐 교통사고를 낸다. 너무 놀란 ‘최현수’는 한 순간의 잘못된 선택으로 호수에 아이를 유기한다.  죽어버린 딸 시작된 복수 \"어떤 놈이 그랬는지 찾아서… 똑같이 갚아줘야지\"  아이의 실종으로 마을은 발칵 뒤집혀 수색 작업이 시작되고, 결국 싸늘한 주검으로 돌아온 딸을 보자 광기 어린 분노에 사로잡힌, 마을 대지주이자 아이의 아버지 ‘오영제’. 사고가 아니라 사건이라고 판단한 그는 직접 범인을 찾기 위해 증거를 모으기 시작한다.  되돌릴 수 없는 선택, 7년 전 그날 밤, 모든 것이 시작되었다.", "poster_URL": "https://movie-phinf.pstatic.net/20180314_263/1521014679282NcuID_JPEG/movie_image.jpg"}}, {"pk": 270, "model": "actors.movie", "fields": {"code": "20162983", "title": "운동회", "sales": "21743500", "audience": "2963", "open_date": "2018-03-22", "actors": [2311, 475, 2312, 2313, 1796, 2091, 2314, 2315, 1093, 2316, 2317, 2025, 2318, 2319, 2095, 1142, 2116, 149, 368, 2320, 2321, 2322, 2323, 2324, 1711, 788, 985, 2325, 2326, 2327, 2327, 1256, 2328, 2329, 1813, 2330, 2331, 2332, 2333, 2334, 2335], "genres": [10, 5], "score": "7.23", "summary": "세상에서 지는 건 제일 싫은 9살 소녀 '승희' 핑크빛 짝사랑에 배신당한 것도 모자라 엎친데 덮친 격 가족들까지 속을 썩인다. 직장에서 해고 당한 아빠, 다른 남자에게 마음을 빼앗긴 엄마, 어쩌다 아버지 연합 활동 중인 할아버지, 그리고 의욕만 앞선 열정페이 삼촌. 가족이지만 서로에게 말 못할 비밀을 가진 이들은 절대 상상할 수 없었던 순간, 마주하게 된다! 과연 ‘승희’ 가족에겐 무슨 일이 생긴 것일까?", "poster_URL": "https://movie-phinf.pstatic.net/20180313_138/1520906947564LSokN_JPEG/movie_image.jpg"}}, {"pk": 271, "model": "actors.movie", "fields": {"code": "20153447", "title": "바람 바람 바람", "sales": "9782357875", "audience": "1193972", "open_date": "2018-04-05", "actors": [204, 856, 2336, 31, 42, 460, 2337, 2338, 1874, 1927, 19, 2339, 1252, 77, 120, 2132, 2340, 2091, 2341, 2183, 651, 2342, 2343, 2344, 2345], "genres": [5], "score": "6.13", "summary": "\"왜 사랑을 해도, 결혼을 해도 외로운 거죠?\" 끝도 없이 사랑 받고 싶은 철부지 어른들이 온다!  20년 경력을 자랑하는 ‘바람’의 전설 '석근'(이성민)은 SNS와 사랑에 빠진 여동생 '미영'(송지효)의 남편 '봉수'(신하균)를 ‘바람’의 세계로 인도한다.  하지만 세 사람 앞에 나타난 치명적인 매력의 소유자 '제니'(이엘)의 등장으로 네 사람의 인생은 걷잡을 수 없이 꼬여만 가고...  갈수록 환장, 들키면 끝장 뭘해도 외로운 어른들을 위한 코미디가 온다!", "poster_URL": "https://movie-phinf.pstatic.net/20180316_177/1521164667488clVxP_JPEG/movie_image.jpg"}}, {"pk": 272, "model": "actors.movie", "fields": {"code": "20182021", "title": "번개맨과 신비의 섬", "sales": "475698300", "audience": "58927", "open_date": "2018-04-05", "actors": [2346, 2347, 2348, 756, 2349, 2349], "genres": [10, 18], "score": "9.42", "summary": "번개파워를 충전하러 ‘신비의 섬’으로 떠난 번개맨과 친구들.\r 세상 모든 추억이 모인 ‘신비의 섬’에서 추억의 힘으로 충전을 하려고 하지만\r 나잘난 더잘난의 방해로 번개맨은 위기에 빠져버리고 만다.\r \r 과연 번개맨은 번개파워를 충전하고 무사히 돌아올 수 있을까?", "poster_URL": "https://movie-phinf.pstatic.net/20180308_270/1520487343335dApPu_JPEG/movie_image.jpg"}}, {"pk": 273, "model": "actors.movie", "fields": {"code": "20165045", "title": "머니백", "sales": "406365100", "audience": "51606", "open_date": "2018-04-12", "actors": [1570, 857, 25, 2350, 1996, 1174, 1281, 2009, 115, 2120, 2351, 1256, 1304, 1080, 2352, 1077, 2353, 1078, 1166, 2354, 2355, 2356, 2160], "genres": [6, 1], "score": "5.86", "summary": "가진 거라고는 몸뚱이뿐인 ‘민재’(김무열)는 엄마 수술비를 위해 보증금까지 털었지만,  이마저도 ‘양아치’(김민교)에게 모두 뺏기고 만다.  ‘양아치’는 사채업자 ‘백사장’(임원희)에게 뺏은 돈을 바치고,  이 돈은 고스란히 선거를 앞둔 ‘문의원’(전광렬)에게 돌아간다.     계속되는 적자 인생에 ‘백사장’은 ‘킬러’(이경영)를 고용해서 ‘문의원’을 처리할 계획을 세운다.  ‘백사장’은 도박장에서 저당 잡은 ‘최형사’(박희순)의 총을 ‘킬러’에게 배달하지만,  ‘택배기사’(오정세)가 실수로 ‘킬러’의 옆집 ‘민재’에게 맡기는데…      뺏고! 달리고! 쫓기는 ‘머니백’ 레이스가 시작된다!", "poster_URL": "https://movie-phinf.pstatic.net/20180413_210/1523588214265phMH9_JPEG/movie_image.jpg"}}, {"pk": 274, "model": "actors.movie", "fields": {"code": "20182352", "title": "그날, 바다", "sales": "4439296728", "audience": "539468", "open_date": "2018-04-12", "actors": [40, 2357, 2358, 2359, 2341, 2360, 1474, 1195], "genres": [14], "score": "8.96", "summary": "2014년 4월 16일, 세월호가 침몰했다.  8시 30분경과 8시 50분경으로 사고 발생 시간에 대한 진술은 엇갈리고,  세월호의 항로를 기록한 데이터는 각기 다르게 기록되거나 사라졌다.  과학적인 분석과 자료 수집, 4년간의 치밀한 조사로 오직 팩트로만 아직 아무것도 밝혀지지 않은 그날을 추적한다.   잊을 수 없는 '그날', 모든 걸 알고 있는 '바다' 증거에 증거로 답해야 할 것이다!", "poster_URL": "https://movie-phinf.pstatic.net/20180409_216/1523237427824JU3OT_JPEG/movie_image.jpg"}}, {"pk": 276, "model": "actors.movie", "fields": {"code": "20177266", "title": "나를 기억해", "sales": "1226198892", "audience": "140283", "open_date": "2018-04-19", "actors": [1104, 561, 490, 428, 2363, 1682, 576, 2364, 2365, 1841, 2366, 2124, 561, 1166], "genres": [13, 2, 12], "score": "6.57", "summary": "고등학교 여교사 ‘서린’은 책상에 놓인 커피를 마신 뒤 취한 듯 잠든다. 다음날, ‘마스터’라는 정체불명의 발신자가 보낸 한 통의 문자. “좋은 꿈 꿨어요?” 그리고 셔츠가 풀어헤쳐진 여자의 사진, 바로 서린 자신이다! 서린은 오래 전 한 사건으로 얽힌 전직형사 국철과 함께 ‘마스터’의 실체를 파헤친다. 서린의 학교 여학생들도 연쇄적으로 범행의 대상이 되는 가운데, 마스터의 정체는 미궁으로 빠지는데...  주위의 누구도 믿을 수 없다. 마스터, 당신 대체 누구야!", "poster_URL": "https://movie-phinf.pstatic.net/20180326_142/1522045778920qaR4I_JPEG/movie_image.jpg"}}, {"pk": 277, "model": "actors.movie", "fields": {"code": "20177962", "title": "당신의 부탁", "sales": "203704428", "audience": "25385", "open_date": "2018-04-19", "actors": [508, 2367, 340, 2063, 2368, 1747, 1833, 1133, 2369, 2370, 2371, 2372, 2207, 1245, 1248, 134, 2214, 2373, 2374, 2375, 771, 2376, 1935, 684], "genres": [1], "score": "7.87", "summary": "2년 전 사고로 남편을 잃은 32살 효진(임수정)은 그녀의 절친한 친구인 미란(이상희)과 동네 작은 공부방을 하며 혼자 살아간다. 평범한 삶을 살아가던 효진 앞에 어느날 갑자기 죽은 남편의 아들인 16살 종욱(윤찬영)이 나타난다. 오갈 데가 없어진 종욱의 엄마가 되어달라는 당황스러운 부탁. 효진은 고민 끝에 피 한 방울 섞이지 않은 종욱의 엄마가 되기로 결심하는데…", "poster_URL": "https://movie-phinf.pstatic.net/20180427_204/1524806679191mlUAe_JPEG/movie_image.jpg"}}, {"pk": 278, "model": "actors.movie", "fields": {"code": "20167007", "title": "살인소설", "sales": "392261200", "audience": "49632", "open_date": "2018-04-25", "actors": [2377, 97, 78, 1406, 1628, 2283, 614, 2265, 1935, 2233, 2378], "genres": [12], "score": "6.00", "summary": "지방선거에 나설 집권여당 시장 후보로 지명되며  인생 최고의 순간을 맞은 ‘경석’(오만석).  유력 정치인인 장인의 비자금을 숨기러  애인 ‘지영’(이은우)과 함께 별장에 들렸다가  수상한 청년 ‘순태’(지현우)를 만나고,  작은 거짓말로 시작된 사건은 예상을 벗어나 점점 커져만 가는데…", "poster_URL": "https://movie-phinf.pstatic.net/20180313_115/1520907660225l92Om_JPEG/movie_image.jpg"}}, {"pk": 281, "model": "actors.movie", "fields": {"code": "20176101", "title": "클레어의 카메라", "sales": "70166300", "audience": "8713", "open_date": "2018-04-25", "actors": [2384, 625, 2385, 511, 2386], "genres": [1], "score": "6.34", "summary": "만희는 칸 영화제 출장 중에 부정직하다는 이유로 일자리에서 쫓겨난다. 클레어라는 여자는 선생인데 거기서 폴라로이드 카메라로 사진을 찍고 다닌다. 그러다 만희를 만나 그녀의 사정에 공감하게 된다. 클레어는 마치 여러 가능성의 만희를 미리 혹은 돌아가서 볼 수 있는 사람인 듯 하고, 그건 칸 해변의 신비한 굴을 통해서 그렇게 할 수 있을 것이다.", "poster_URL": "https://movie-phinf.pstatic.net/20180412_77/1523512188117Crr2W_JPEG/movie_image.jpg"}}, {"pk": 282, "model": "actors.movie", "fields": {"code": "20189783", "title": "챔피언", "sales": "9469079230", "audience": "1128432", "open_date": "2018-05-01", "actors": [361, 722, 721, 1138, 1846, 245, 115, 1619, 2122, 2387, 2388, 2246, 1149, 2389, 1846, 1939, 2390, 2391, 2037, 1490, 2132, 1093, 1093, 2392, 2393, 1147, 2083, 2083], "genres": [1], "score": "6.31", "summary": "미국 로스엔젤레스, 한 때 팔씨름 세계 챔피언을 꿈꿨지만  지금은 클럽에서 일하는 ‘마크’(마동석)는 자칭 최고의 스포츠 에이전트 ‘진기’(권율)의 설득에 한국으로 돌아온다.  “나한테는 팔씨름 밖에 없었어… 나 믿어!” 멈췄던 팔뚝이 다시 뛰기 시작한 ‘마크’. '진기'에게서 귀국 선물(?)로 받은 오래 전 헤어진 엄마 주소를 찾아가지만   그곳엔 엄마 대신 본 적 없는 여동생 ‘수진’(한예리)과  두 아이 ‘쭌쭌남매’가 떡하니 살고 있는데…  잡는 순간 모두 넘긴다!  챔피언을 향한 어메이징 뒤집기 한 판이 시작된다!", "poster_URL": "https://movie-phinf.pstatic.net/20180424_250/152454601292350zFi_JPEG/movie_image.jpg"}}, {"pk": 283, "model": "actors.movie", "fields": {"code": "20177005", "title": "레슬러", "sales": "6478019657", "audience": "770631", "open_date": "2018-05-09", "actors": [1003, 2394, 1828, 607, 443, 2395, 368, 1918, 834, 2396, 1931, 2397, 2398, 2399, 871, 2338, 2052, 2124, 368, 561, 2400, 2355, 1245, 2208, 2401, 2402], "genres": [1, 5], "score": "4.89", "summary": "과거 레슬링 국가대표였지만  특기는 살림, 취미는 아들 자랑, 남은 것은 주부 습진뿐인 프로 살림러 ‘귀보’(유해진).  그의 유일한 꿈은 촉망받는 레슬러 아들 ‘성웅’(김민재)이 금메달리스트가 되는 것이다.   오늘도 자신은 찬밥을 먹으며 아들에게는 따뜻한 아침밥을 챙겨주고 레슬링 체육관에서 아줌마들에게 신나게 에어로빅을 가르치던 ‘귀보’는 국가대표 선발전을 앞두고 훈련에 나가지 않겠다는 ‘성웅’의 청천벽력 같은 이야길 듣게 된다.  갑작스런 아들의 반항에 당황한 귀보. 설상가상으로 ‘엄마’(나문희)의 잔소리는 더욱 거세지고,  윗집 이웃이자 성웅의 소꿉친구 ‘가영’(이성경)은 귀보에게 엉뚱한 고백을 쏟아낸다.  거기에 소개팅으로 만난 의사 ‘도나’(황우슬혜)의 막무가내 대시까지.  평화롭던 일상이 순식간에 뒤집힌 귀보씨는 혼란에 빠지기 시작하는데…  전직 레슬러에서 프로 살림러가 된 지 20년 평화롭던 귀보씨의 일상이 유쾌하게 뒤집힌다!", "poster_URL": "https://movie-phinf.pstatic.net/20180430_206/1525051757819QHWi9_JPEG/movie_image.jpg"}}, {"pk": 284, "model": "actors.movie", "fields": {"code": "20182323", "title": "임을 위한 행진곡", "sales": "138749700", "audience": "17838", "open_date": "2018-05-16", "actors": [2403, 2404, 2405, 2406, 102, 2407, 2408, 2409, 402, 2411, 2411, 2412, 185, 1093, 2048, 2413, 2414, 2415, 1984, 2416, 2417, 2418, 2418, 2419, 2420, 2421, 2178, 551, 2422, 1119, 119, 1249, 2423, 2424, 2233, 2425, 379, 2426], "genres": [1], "score": "3.65", "summary": "1980년 5월 과거, 형사들을 피해 도망쳐온 법대생 철수(전수현 분)와 마주친 미대생 명희(김채희 분). “데모하면 바뀔 것 같아요?” 라며 세상에 무관심했던 명희는 낡은 셔츠에 단추가 떨어진 줄도 모른 채 인권을 외치는 철수의 신념이 무엇인지 점점 궁금해진다.  2018년 5월 현재, 1980년 5월에 멈춰있는 명희(김부선 분)는 날이 갈수록 정신 분열 증세가 깊어진다. 사이렌 소리 하나에도 극도의 불안 증세를 보이는 명희가 그저 원망스럽기만 한 딸 희수(김꽃비 분)는 지금까지 엄마를 괴롭혔던 상처가 무엇인지 알게 되면서 충격에 빠진다.", "poster_URL": "https://movie-phinf.pstatic.net/20180427_239/1524807416496bYdXr_JPEG/movie_image.jpg"}}, {"pk": 285, "model": "actors.movie", "fields": {"code": "20173202", "title": "버닝", "sales": "4710726598", "audience": "527708", "open_date": "2018-05-17", "actors": [289, 225, 2427, 2285, 1619, 2428, 1316, 2429, 2195, 621, 2051, 1081, 2430, 2270, 2431, 269, 1935, 2432, 2433, 2433, 2434, 2435, 2436, 2437, 2438, 625, 2439], "genres": [13], "score": "6.62", "summary": "유통회사 알바생 종수(유아인)는 배달을 갔다가 어릴 적 같은 동네에서 살았던 해미(전종서)를 만나고, 그녀에게서 아프리카 여행을 간 동안 자기가 키우는 고양이를 돌봐 달라는 부탁을 받는다. 여행에서 돌아온 해미는 아프리카에서 만난 벤(스티븐 연)이라는 정체불명의 남자를 종수에게 소개한다.  어느 날 벤은 해미와 함께 종수의 집으로 찾아와 자신의 비밀스러운 취미에 대해 고백한다. 그때부터 종수는 무서운 예감에 사로잡히게 되는데...", "poster_URL": "https://movie-phinf.pstatic.net/20180430_157/1525055069155UyYXg_JPEG/movie_image.jpg"}}, {"pk": 286, "model": "actors.movie", "fields": {"code": "20183381", "title": "5.18 힌츠페터 스토리", "sales": "69371700", "audience": "9980", "open_date": "2018-05-17", "actors": [2440, 3, 2441, 2442], "genres": [14], "score": "8.22", "summary": "80년 5월, 민주화를 촉구하는 시위와 항쟁으로 도시는 봉쇄되고 모든 전화선은 차단되었다. 언론 통제로 인해 광주의 참상이 철저히 외면당하고 있었던 그때! 위험을 무릅쓰고 잠입한 독일 특파원 ‘위르겐 힌츠페터’! 당시 대한민국 안에 철저히 고립된 도시였던 광주의 실상을  전 세계에 알린 ‘위르겐 힌츠페터’가 직접 촬영한 국내외에 한번도 공개되지 않았던 광주의 참혹한 현장과 그가 극비리에 시도한 세 번의 광주 잠행까지! 지금까지 알려지지 않았던 80년 5월 광주의 처절했던 민주항쟁의 모습을 최초로 확인한다.", "poster_URL": "https://movie-phinf.pstatic.net/20180502_31/1525223913507zKBuE_JPEG/movie_image.jpg"}}, {"pk": 287, "model": "actors.movie", "fields": {"code": "20179383", "title": "독전", "sales": "43482757913", "audience": "5063353", "open_date": "2018-05-22", "actors": [628, 212, 288, 2029, 194, 881, 1047, 71, 352, 2443, 1295, 2194, 2444, 1883, 1549, 2445, 1047, 2225, 1916, 71, 1149, 2446, 2447, 1204, 2155, 2448, 2449, 2450, 465, 2451, 2103, 2452, 2453, 2454, 2455, 2456, 2457, 344, 2458], "genres": [2, 6], "score": "7.53", "summary": "의문의 폭발 사고 후, 오랫동안 마약 조직을 추적해온 형사 ‘원호’(조진웅)의 앞에 조직의 후견인 ‘오연옥’(김성령)과 버림받은 조직원 ‘락’(류준열)이 나타난다. 그들의 도움으로 아시아 마약 시장의 거물 ‘진하림’(김주혁)과  조직의 숨겨진 인물 ‘브라이언’(차승원)을 만나게 되면서 그 실체에 대한 결정적 단서를 잡게 되는데…  끝까지 의심하라! 독한 자들의 전쟁이 시작된다!", "poster_URL": "https://movie-phinf.pstatic.net/20180524_197/1527129752646aGAH7_JPEG/movie_image.jpg"}}, {"pk": 288, "model": "actors.movie", "fields": {"code": "20183384", "title": "서산개척단", "sales": "38911400", "audience": "4496", "open_date": "2018-05-24", "actors": [2459, 2460, 2461, 2462, 936, 2463, 2464, 2464, 2465, 2466, 2467, 322, 1304], "genres": [14], "score": "8.11", "summary": "1961년 박정희 정권은 ‘대한청소년개척단’의 이름으로  전국에서 청년과 부녀자들을 납치해 개처럼 다뤘다. 이들은 매일 맞고, 무임금으로 일하면서 오직 분배될 땅만 생각했다. “고생은 땅으로 보상한다”는 국가의 약속을 믿고 청춘을 바쳤다.  황무지가 옥토로 바뀌자 국가는 기다렸다는 듯이 말을 바꾼다. “서산개척지는 국가의 소유다”라는 기막힌 통보.  박정희 정권 대국민 사기극의 거대한 서막 ‘서산개척단’의 이야기가 지금 펼쳐진다!", "poster_URL": "https://movie-phinf.pstatic.net/20180514_44/1526283305260q0KXs_JPEG/movie_image.jpg"}}, {"pk": 289, "model": "actors.movie", "fields": {"code": "20183502", "title": "다이빙벨 그후", "sales": "19105500", "audience": "2365", "open_date": "2018-05-24", "actors": [2468, 2469, 2470, 2471, 591, 2472, 2473, 1568, 1047, 2474], "genres": [14], "score": "6.08", "summary": "박근혜 정부는 세월호 승객들을 구조하지 않았다! 세월호 첫 다큐멘터리 다이빙벨이 던진 충격적 메시지였다. 언론은 입을 닫고 외면했지만, 부산국제영화제가 손을 내밀어 주었다.     부산국제영화제의 다이빙벨 초청 사실을 알게 된 청와대는 비상이 걸렸다. 수석비서관 회의 때마다 관련자 전원에 대한 탄압 방안이 논의됐고, 곧장 시행됐다. <다이빙벨 그후>는 한 편의 영화를 놓고 벌어진 정권과 영화계 사이의 피 튀기는 대결을 4년간 조명한 현장 기록이다. 문화계 블랙리스트의 속살과 이를 거부하는 촛불의 외침도 생생히 담아냈다.       제작진은 <다이빙벨 그후> 를 통해 세월호 구조작전이 ‘사상 최대의 쇼’ 였음을 다시 한번 확인하고 그렇다면 ‘왜 구조하지 않았느냐’고 질문하고 있다.", "poster_URL": "https://movie-phinf.pstatic.net/20180511_99/1526005861059zCiMF_JPEG/movie_image.jpg"}}, {"pk": 290, "model": "actors.movie", "fields": {"code": "20173865", "title": "데자뷰", "sales": "359827600", "audience": "48134", "open_date": "2018-05-30", "actors": [2475, 2476, 2477, 392, 1379, 1557, 281, 209, 2478, 1739, 1485, 1728, 195, 195, 2479, 2480, 348, 2481, 2482, 540, 2235, 2393, 2483, 527, 1298], "genres": [13, 12], "score": "4.52", "summary": "약혼자 우진과 함께 탄 차로 사람을 죽인 지민 그날 밤 이후 죽은 여자가 나타나는 끔찍한 환각을 겪는다. 견디다 못한 그녀는 결국 경찰에 찾아가지만, 자신의 기억 속 교통사고가 실재하지 않음을 알게 된다.  사라지지 않는 의문 속에 그녀의 일상은 점점 공포스러워지고, 방관하는 약혼자 우진, 그리고 사건 이후 자신의 주변을 감시하는 차 형사로 인해 더욱 최악의 상황으로 빠져드는데...", "poster_URL": "https://movie-phinf.pstatic.net/20180515_44/1526351780039YjUA0_JPEG/movie_image.jpg"}}, {"pk": 291, "model": "actors.movie", "fields": {"code": "20172602", "title": "홈", "sales": "54053200", "audience": "7357", "open_date": "2018-05-30", "actors": [1090, 2484, 2485, 549], "genres": [10, 1], "score": "8.77", "summary": "동생 성호, 성호의 친아빠 원재, 그리고 원재의 딸 지영까지. 어느 날 갑자기 새로운 식구가 생긴 준호는 매일매일 행복 뿜뿜이다. 준호를 아들처럼 챙기는 원재와 친형제처럼 따르는 동생들 덕이다. “우리 이렇게 계속 같이 있으면 좋겠다”는 준호의 말에  당연하다는 듯이 “같이 있다 아이가”라며 웃는 동생들. 이제 막 새 가족 속으로 골인한 준호의 소원은 이뤄질 수 있을까?", "poster_URL": "https://movie-phinf.pstatic.net/20180508_220/1525758547272XNKUe_JPEG/movie_image.jpg"}}, {"pk": 292, "model": "actors.movie", "fields": {"code": "20178161", "title": "탐정: 리턴즈", "sales": "26907939678", "audience": "3152568", "open_date": "2018-06-13", "actors": [2486, 607, 2487, 2488, 1456, 1259, 2489, 2490, 1995, 1138, 570, 2491, 1454, 1454, 756, 2488, 2492, 2493, 1250, 2447, 972, 2494, 454, 1830, 2232, 1914, 618, 2495, 67, 2496, 1995, 2497, 2498, 2499, 2499, 2500, 527, 2441, 2441, 2501, 1257, 1851], "genres": [5, 2], "score": "8.40", "summary": "역대급 미제 사건을 해결한 추리 콤비, 셜록 덕후 만화방 주인 ‘강대만’(권상우)과 광역수사대 레전드 형사 ‘노태수’(성동일)! 드디어 대한민국 최초 탐정사무소를 개업하고, 전직 사이버 수사대 에이스 ‘여치’(이광수)까지 영입하며 탐정으로서의 첫 발을 내딛는다.  하지만 꿈과 현실은 다른 법! 기다리는 사건 대신 파리만 날리고, 생활비 압박에 결국 경찰서까지 찾아가 몰래 영업을 뛰기 시작한다.  드디어 기다림 끝에 찾아온 첫 의뢰인. 게다가 성공보수는 무려 5천만 원! 자신만만하게 사건을 받아 든 세 사람은 파헤칠수록 꼬리에 꼬리를 무는 의심스러운 증거들로 혼란에 빠지기 시작하는데…  \"우리가 가는 길 미제사건이란 없다\" 최강 트리플 콤비의 본격 추리가 시작된다!", "poster_URL": "https://movie-phinf.pstatic.net/20180525_232/15272144254888eehd_JPEG/movie_image.jpg"}}, {"pk": 293, "model": "actors.movie", "fields": {"code": "20172469", "title": "허스토리", "sales": "2500110949", "audience": "333315", "open_date": "2018-06-27", "actors": [2244, 629, 690, 2502, 579, 1133, 1242, 1104, 1158, 576, 1019, 1676, 119, 1575, 2503, 432, 924, 2504, 2173, 2505, 1465, 2506, 2507, 2284, 2508, 2508, 2509, 465, 2208, 2510, 1133, 2114, 2511, 2511], "genres": [1], "score": "9.27", "summary": "1992~1998 6년의 기간, 23번의 재판, 10명의 원고단, 13명의 변호인! 시모노세키와 부산을 오가며 일본 재판부에 당당하게 맞선 할머니들과  그들을 위해 함께 싸웠던 사람들의 뜨거운 이야기가 시작된다!", "poster_URL": "https://movie-phinf.pstatic.net/20180618_223/1529289387860nUBT1_JPEG/movie_image.jpg"}}, {"pk": 294, "model": "actors.movie", "fields": {"code": "20174369", "title": "변산", "sales": "4011116273", "audience": "489619", "open_date": "2018-07-04", "actors": [199, 491, 2512, 460, 2513, 1876, 1242, 2514, 273, 2515, 1137, 220, 569, 982, 2516, 2517, 999, 2518, 250, 621, 1602, 1080, 2240, 187, 2519, 2520, 1137, 2521, 2522, 2130, 182, 2523, 2524, 2525, 2526, 1518, 2527, 2528], "genres": [1], "score": "7.66", "summary": "발렛 파킹, 편의점 아르바이트로 빡센(?!) 청춘을 보내지만, 쇼미더머니 6년 개근의 열정을 불태우는 무명 래퍼 학수 a.k.a 심뻑(박정민). 또 다시 예선 탈락을 맞이한 인생 최악의 순간, 한 통의 전화를 받고 잊고 싶었던 고향 변산으로 향한다.  짝사랑 선미 (김고은)의 꼼수(?)에 제대로 낚여 고향에 강제로 소환된 학수. 징글징글하게 들러 붙는 옛 친구들로 인해 지우고 싶었던 흑역사는 하나, 둘 떠오르고 하루 빨리 고향을 뜨고 싶었던 학수는 예측 불허의 사건들을 겪으면서 인생 최대 위기를 맞이하게 되는데…  빡세지만 스웩 넘치고, 부끄럽지만 빛나는 청춘! 징하게 들러붙는 흑역사 정면 돌파가 시작된다!", "poster_URL": "https://movie-phinf.pstatic.net/20180611_288/1528681584312lhsSF_JPEG/movie_image.jpg"}}, {"pk": 295, "model": "actors.movie", "fields": {"code": "20184101", "title": "여중생A", "sales": "804299000", "audience": "96893", "open_date": "2018-06-20", "actors": [573, 405, 1298, 2529, 530, 1734, 164, 2530, 839, 119, 2531, 637, 2122, 368, 2532, 2532, 2016, 2529, 1734, 1880, 2533, 653, 1206, 2534, 2534, 2356, 2535, 2040], "genres": [1], "score": "6.39", "summary": "취미는 게임, 특기는 글쓰기인 여중생 ‘미래’가 가장 좋아하는 곳은 게임 세계 ‘원더링 월드’. 괴물 같은 아빠도 없고, 외로운 학교도 가지 않아도 되는 그 곳에서 미래는 자신만의 세상을 꿈꾸며 살아간다. 그러다 난생 처음으로 현실친구를 사귀기 위해 '태양'과 '백합'에게 다가가려 조금씩 용기를 내어 보지만, 뜻하지 않은 사건으로 인해 상처 받고 더욱 움츠러 들고 만다.  게다가 유일한 세상이었던 ‘원더링 월드’마저 서비스를 중단한다는 소식이 전해지고,  다시 혼자가 된 미래는 랜선친구 ‘재희’를 만나러 가는데…  새로운 세상을 만나버린 ‘미래’의 앞날은 과연 어떻게 될까?", "poster_URL": "https://movie-phinf.pstatic.net/20180524_39/1527137544241WO6aW_JPEG/movie_image.jpg"}}, {"pk": 296, "model": "actors.movie", "fields": {"code": "20175527", "title": "더 펜션", "sales": "24351100", "audience": "2570", "open_date": "2018-06-21", "actors": [28, 1912, 358, 612, 209, 368, 234, 1165, 2536, 1846, 368, 1490, 2537, 2538, 2539, 2539], "genres": [1], "score": "5.79", "summary": "누구에게나 특별한 기억과 사연이 담긴 펜션이라는 하나의 공간에 방문한 주인공들이 특별한 사연의 낯선 인물과 만나면서 겪게 되는 각기 다른 4가지 이야기를 옴니버스 형식으로 담은 작품  주어진 공간, 한정된 시간, 허락된 감정, 금지된 사건", "poster_URL": "https://movie-phinf.pstatic.net/20180525_48/1527214938652NnXvm_JPEG/movie_image.jpg"}}, {"pk": 297, "model": "actors.movie", "fields": {"code": "20185341", "title": "마녀", "sales": "27240994463", "audience": "3188969", "open_date": "2018-06-27", "actors": [2363, 2540, 857, 731, 588, 549, 2541, 2542, 2543, 2544, 1486, 2488, 806, 1485, 307, 2545, 2546, 2547, 2548, 700, 2034, 2549, 2550, 1734, 2177, 1650, 2551, 2552, 384, 2553, 2554, 2340, 2497, 2555, 2556, 1666, 91, 2557, 1022, 604], "genres": [13, 6], "score": "8.19", "summary": "10년 전 의문의 사고가 일어난 시설에서 홀로 탈출한 후 모든 기억을 잃은 ‘자윤’.  나이도, 이름도 모르는 자신을 거두고 키워준 노부부의 보살핌으로  씩씩하고 밝은 여고생으로 자라났다.   어려운 집안사정을 돕기 위해 상금이 걸린 오디션 프로그램에 출연한 자윤, 방송이 나간 직후부터 의문의 인물들이 그녀 앞에 나타난다.  자윤의 주변을 맴돌며 날카롭게 지켜보는 남자 ‘귀공자’,  그리고 과거 사고가 일어난 시점부터 사라진 아이를 찾던 ‘닥터 백’과 ‘미스터 최’까지  자신은 전혀 기억하지 못하는 그들의 등장으로,  자윤은 혼란에 휩싸이게 되는데...!  그들이 나타난 후 모든 것이 바뀌었다", "poster_URL": "https://movie-phinf.pstatic.net/20180710_211/1531198746645nsdKN_JPEG/movie_image.jpg"}}, {"pk": 298, "model": "actors.movie", "fields": {"code": "20174647", "title": "튼튼이의 모험", "sales": "30499600", "audience": "3890", "open_date": "2018-06-21", "actors": [2558, 2444, 2559, 2560, 2561, 2562, 2563, 2564, 985, 2565, 2566, 2076, 2567, 2568, 2569], "genres": [5], "score": "8.32", "summary": "빽도 재능도 없지만 레슬링에 대한 사랑만큼은 국가대표 급인 튼튼한 18세 소년 ‘충길’. 대풍고 레슬링부에 남은 유일한 선수인 충길은 체육관을 지키며, 시내버스 운전기사로 전업한 코치 ‘상규’와 엄마를 고향 필리핀에 보내주기 위해 막노동을 시작한 친구 ‘진권’을 찾아 운동을 계속하자고 조른다.  충길의 진심이 통했을까! 전국체전의 예선 출전권을 따낸 대풍고 레슬링부는 소박한 목표, 단 1승을 위해 최후의 지옥훈련에 돌입한다.  게다가 진권의 여동생을 보고 한눈에 반한 불량써클 블랙타이거의 멤버 ‘혁준’까지 레슬링부에 가세, 파이터의 천부적인 재능을 발휘하며 레슬링부의 새로운 희망으로 떠오른다.  과연 18세 레슬러 튼튼이들은 예선 1승, 더 나아가 전국체전 진출이라는 기적을 이뤄낼 수 있을까!", "poster_URL": "https://movie-phinf.pstatic.net/20180529_29/1527559602050Xpm87_JPEG/movie_image.jpg"}}, {"pk": 300, "model": "actors.movie", "fields": {"code": "20189802", "title": "나와 봄날의 약속", "sales": "20889500", "audience": "2759", "open_date": "2018-06-28", "actors": [545, 42, 263, 2570, 1047, 689, 220, 2571, 689, 2572, 2573, 2574, 299, 2575, 2576], "genres": [13, 9], "score": "4.22", "summary": "지구 종말을 예상한 외계人들이 네 명의 인간들을 찾아가 벌이는  생애 마지막이 될 쇼킹한 생일파티에 초대합니다!  1st PARTY.  “우리 같이 드라이브 갈래?” 정체를 알 수 없는 괴팍한 옆집 아저씨 ‘김성균’ & 친구가 필요한 열 여섯 왕따 소녀 ‘김소희’  2nd PARTY.  “언니는 우리의 영웅이에요” 자유로운 영혼을 가진 대학교 후배 ‘이주영’ & 남편과 육아에서 벗어나 일탈이 필요한 주부 ‘장영남’   3rd PARTY.  “내일 당장 죽더라도 그런 질병 같은 사랑을 해보고 싶어요” 불치병에 걸려 죽음을 앞둔 여대생 ‘송예은’ & 로맨스가 필요한 마마보이 교수 ‘김학선’   4th PARTY.  “들려주고 싶은 이야기가 너무 많아” 영화의 BIG FAN 야쿠르트 판매원 ‘이혜영’ & 작품 없이 10년, 아이디어가 필요한 영화 감독 ‘강하늘’", "poster_URL": "https://movie-phinf.pstatic.net/20180601_122/1527830026261tml4u_JPEG/movie_image.jpg"}}, {"pk": 301, "model": "actors.movie", "fields": {"code": "20184981", "title": "남자와 여자", "sales": "18078700", "audience": "2131", "open_date": "2018-05-31", "actors": [1026, 2577, 2578, 2579, 2580, 1026, 2032, 1561], "genres": [1], "score": "4.45", "summary": "친구의 소개로 만나 결혼까지 이르게 된 ‘주목’과 ‘순종’.  시간이 지나면서 서로에 대한 처음의 기대는 산산이 깨져만 가고, 그렇게 갈등은 고조된다.  이를 타개하기 위한 해결책으로 번지점프대에 오른 주목. 이제 그의 비행이 시작된다!", "poster_URL": "https://movie-phinf.pstatic.net/20180514_253/15262652278859LYQ6_JPEG/movie_image.jpg"}}, {"pk": 302, "model": "actors.movie", "fields": {"code": "20185484", "title": "안나 카레니나", "sales": "27345800", "audience": "1709", "open_date": "2018-06-29", "actors": [2581], "genres": [18], "score": "8.50", "summary": "치명적인 아름다움, 파국을 불러온 비극적 사랑! \r \r 아름다운 미모와 교양을 갖춘 귀족 부인 안나 카레니나.\r \r 존경 받는 남편, 귀여운 아들과 평화로운 가정을 유지하고 있지만\r \r 모스크바 상류사회에서 만난 젊은 장교 브론스키와\r \r 서로 강렬한 끌림을 느끼면서 안나는 혼란에 빠지는데…\r \r \r \r 도덕적 잣대와 명예를 뛰어넘는 거부할 수 없는 사랑!\r \r \r \r 톨스토이 최고의 고전문학 소설을 아름답고 시적인 노래와\r \r 화려하고 웅장한 무대 연출로 담아낸 뮤지컬 걸작을\r \r 영화로 만나보세요!", "poster_URL": "https://movie-phinf.pstatic.net/20180621_283/1529570955450i3mEO_PNG/movie_image.jpg"}}, {"pk": 303, "model": "actors.movie", "fields": {"code": "20180282", "title": "속닥속닥", "sales": "1900068300", "audience": "217326", "open_date": "2018-07-13", "actors": [2582, 95, 121, 2043, 450, 2583, 2584, 774, 834, 230, 1048, 1432, 524, 131, 2585, 46, 1874, 1195, 562, 2270, 2113, 2586, 2587, 2588, 2589, 1490, 1559, 2049, 1836, 2437, 357, 238, 2040], "genres": [11, 13], "score": "5.09", "summary": "수능을 끝낸 6명의 고등학생, 섬뜩한 소문이 있는 귀신의 집을 우연히 발견하게 된다. 그곳에서 죽음의 속삭임과 함께 친구들이 한 명씩 사라지고 멈출 수 없는 극한의 공포가 그들을 덮치는데...", "poster_URL": "https://movie-phinf.pstatic.net/20180629_212/1530238766406QjNNY_JPEG/movie_image.jpg"}}, {"pk": 306, "model": "actors.movie", "fields": {"code": "20177534", "title": "식구", "sales": "28465900", "audience": "3537", "open_date": "2018-07-12", "actors": [970, 2590, 574, 2591, 2592, 2593, 2594, 2595, 2596, 2038, 1093, 2437, 2144, 2597, 2598, 2599, 892, 215, 2600, 1870, 2224, 1533, 1883, 1193, 2601, 2602, 2603, 2604, 2605, 1743, 2606], "genres": [1], "score": "6.85", "summary": "지난날의 잘못으로 인해 가족에게 버림받은 재구(윤박)는 도박장과 공사판을 전전하며 하루하루를 무의미하게 살아가다 우연히 밥을 얻어먹기 위해 들른 장례식장에서 순식(신정근)을 만난다.  세상 착해 보이는 순식을 본 재구는 오갈 곳 없던 차에 만취한 순식에게 형이라고 부르며 접근해 하룻밤 신세를 진다. 재구와 순식은 다음 날 아침 헤어지지만, 퇴근 후 집에 온 순식은 다시 돌아와있는 재구와 맞닥뜨리게 되는데…  가족 밖에 모르는 아빠 순식과 엄마 애심(장소연) 엄마 아빠를 지키는 씩씩한 딸 순영(고나희) 그리고 이들의 일상에 갑자기 들이닥친 손님 재구  재구는 ‘불청객’인가? 아니면 새로운 ‘가족’인가?", "poster_URL": "https://movie-phinf.pstatic.net/20180629_173/1530238938431z0G94_JPEG/movie_image.jpg"}}, {"pk": 307, "model": "actors.movie", "fields": {"code": "20171681", "title": "박화영", "sales": "11909200", "audience": "1543", "open_date": "2018-07-19", "actors": [1611, 390, 1362, 230, 2262, 2607, 490, 220, 2515, 1833, 2369, 2596, 2315, 2315, 2608, 2039, 2609, 2213, 2240, 2116, 1148, 2610, 2611, 2611, 2612, 551, 2613, 2614, 2615, 555, 2616, 2166, 2138, 2376, 2617, 1470, 2618, 2619, 2484], "genres": [1], "score": "7.72", "summary": "이름: 박화영  나이: 18 직업: 고등학생 가족: 없는데 있음 친구: 있는데 없음   박화영의 집에 모인 모두는 매일 라면을 먹고, 매번 담배를 피우고 동갑인 화영을 ‘엄마’라고 부른다. 화영에게는 단짝인 무명 연예인 친구 미정이 있다. 미정은 또래들의 우두머리인 남자친구 영재를 등에 업고 친구들 사이에서 여왕으로 군림한다. 화영을 이용하고 괴롭히는 영재는 화영과 미정, 둘의 사이가 마땅치 않다. 어느 날 화영의 집으로 들어온 또 한 명의 가출 소녀 세진은 영재와 심상치 않은 관계가 된다. 그리고 미정보다 먼저 그 사실을 알게 된 화영은 세진을 가만두고 볼 수가 없다.", "poster_URL": "https://movie-phinf.pstatic.net/20180702_83/15305120309169uoEH_JPEG/movie_image.jpg"}}, {"pk": 308, "model": "actors.movie", "fields": {"code": "20188042", "title": "독전: 익스텐디드 컷", "sales": "839082100", "audience": "136885", "open_date": "2018-07-18", "actors": [628, 212, 288, 2029, 194, 881], "genres": [2, 6], "score": "7.53", "summary": "의문의 폭발 사고 후, 오랫동안 마약 조직을 추적해온 형사 ‘원호’(조진웅)의 앞에 조직의 후견인 ‘오연옥’(김성령)과 버림받은 조직원 ‘락’(류준열)이 나타난다. 그들의 도움으로 아시아 마약 시장의 거물 ‘진하림’(김주혁)과  조직의 숨겨진 인물 ‘브라이언’(차승원)을 만나게 되면서 그 실체에 대한 결정적 단서를 잡게 되는데…  끝까지 의심하라! 독한 자들의 전쟁이 시작된다!", "poster_URL": "https://movie-phinf.pstatic.net/20180524_197/1527129752646aGAH7_JPEG/movie_image.jpg"}}, {"pk": 309, "model": "actors.movie", "fields": {"code": "20170942", "title": "인랑", "sales": "6993389173", "audience": "897255", "open_date": "2018-07-25", "actors": [231, 472, 40, 1570, 563, 721, 1089, 1538, 2276, 2620, 72, 1239, 933, 2000, 741, 2143, 439, 2621, 2622, 580, 923, 2623, 924, 1916, 2624, 2625, 2626, 671, 2627, 2628, 2102, 427, 2629, 2630, 2630, 2213, 2046], "genres": [16, 6], "score": "3.85", "summary": "남북한 정부가 통일준비 5개년 계획을 선포한 후, 강대국의 경제 제재가 이어지고, 민생이 악화되는 등 지옥 같은 시간이 이어지고 있는 혼돈의 2029년.  통일에 반대하는 반정부 무장테러단체 ‘섹트’가 등장하자 ‘섹트’를 진압하기 위해 설립된 대통령 직속의 새로운 경찰조직 ‘특기대’가 정국의 주도권을 장악한다. 이에 입지가 줄어든 정보기관 ‘공안부’는 ‘특기대’를 말살할 음모를 꾸민다.   절대 권력기관 간의 피비린내 나는 암투 사이, ‘특기대’ 내 비밀조직 ‘인랑’에 대한 소문이 떠도는데…  늑대로 불린 인간병기 '인랑'", "poster_URL": "https://movie-phinf.pstatic.net/20180530_139/1527644339969WkMqB_JPEG/movie_image.jpg"}}, {"pk": 310, "model": "actors.movie", "fields": {"code": "20185242", "title": "신비아파트: 금빛 도깨비와 비밀의 동굴", "sales": "4989819100", "audience": "676497", "open_date": "2018-07-25", "actors": [1045, 844, 2631, 852, 558, 2632, 1568, 493, 2633, 2141, 2158, 2158], "genres": [7, 9, 15], "score": "8.73", "summary": "100년이 넘은 신비아파트에 살고 있는 '하리', '두리' 남매와 102살 도깨비 '신비'는 우연히 숲 속에 숨겨진 비밀의 동굴을 발견한다. 동굴의 힘에 휩쓸려 22년 전 과거, 1996년으로 가게 된 '하리', '두리', '신비'는 아파트가 사라진 마을에서 어린 시절의 엄마 '유지미'를 만난다. '유지미'의 보물지도를 따라 함께 모험을 떠나게 된 '하리', '두리', '신비'는 금빛 도깨비 '금비'를 만나게 되고, 이들은 함께 오싹한 모험을 시작하는데...!", "poster_URL": "https://movie-phinf.pstatic.net/20180711_300/1531271231936amqff_JPEG/movie_image.jpg"}}, {"pk": 311, "model": "actors.movie", "fields": {"code": "20186202", "title": "신과함께-인과 연", "sales": "102646010209", "audience": "12272219", "open_date": "2018-08-01", "actors": [627, 983, 609, 361, 1995, 761, 2000, 570, 188, 46, 1998, 1952, 55, 55, 46, 1999, 1999, 2096, 2634, 981, 71, 435, 2635, 916, 2636, 2637, 2130, 1796, 511, 673, 2638, 2639, 2103, 185, 1995, 1933, 1098], "genres": [9, 1], "score": "7.71", "summary": "천 년 동안 48명의 망자를 환생시킨 저승 삼차사, 한 명만 더 환생시키면 그들도 새로운 삶을 얻을 수 있다. 하지만 강림(하정우)은 원귀였던 수홍(김동욱)을 자신들의 마지막 귀인으로 정하는 이해할 수 없는 선택을 한다. 저승법 상 원귀는 소멸되어야 마땅하나 염라대왕(이정재)은 저승 삼차사에게 새로운 조건을 내걸며 강림의 제안을 수락한다. 염라의 조건은 성주신(마동석)이 버티고 있어 저승 차사들이 가는 족족 실패하는 허춘삼 노인을 수홍의 재판이 끝나기 전까지 저승으로 데려오는 것.   허춘삼을 데리러 이승으로 내려간 해원맥(주지훈)과 덕춘(김향기), 하지만 성주신의 막강한 힘 앞에 속수무책으로 당하기만 하던 중 우연히 그가 천 년 전 과거에 해원맥과 덕춘을 저승으로 데려간 저승 차사였다는 사실을 알게 된다. 스스로도 기억 못 하는 과거에 대한 호기심으로 해원맥과 덕춘은 성주신과 거래를 시작하는데…  이승과 저승, 현재와 과거를 오가는 천 년의 비밀이 밝혀진다!", "poster_URL": "https://movie-phinf.pstatic.net/20180703_65/15305852198817R6a1_JPEG/movie_image.jpg"}}, {"pk": 312, "model": "actors.movie", "fields": {"code": "20187682", "title": "해적왕 작스톰", "sales": "43957800", "audience": "5596", "open_date": "2018-07-25", "actors": [129, 2640, 2641, 2642, 1519, 1516, 2139, 2139], "genres": [7], "score": "9.06", "summary": "호시탐탐 아빠의 ‘베루의 눈’ 목걸이를 탐내는 호기심 가득한 소년 ‘작스톰’. 어느 날 아빠의 눈을 피해 베루의 눈을 손에 넣은 ‘작스톰’은 서핑을 즐기던 도중 소용돌이에 휩쓸려 버뮤다 삼각지대에 빠진다. 넓은 바다에서 우연히 마주한 유령 ’클로비스’와 말하는 칼 ‘칼라브라스’로부터 버뮤다의 일곱 바다의 전설을 전해 들은 ‘작스톰’은 집으로 돌아가기 위해 최강의 드림팀을 만든다.  한편, 베루의 눈과 칼라브라스를 손에 넣기 위한 일곱 바다의 악당 ‘스칼리버’와 그의 오른팔 ‘골든본’이 은밀히 움직이기 시작하는데…  과연, ‘작스톰’은 버뮤다 삼각지대를 빠져나와 진정한 해적왕이 될 수 있을까?", "poster_URL": "https://movie-phinf.pstatic.net/20180706_289/1530839399065Xztbs_JPEG/movie_image.jpg"}}, {"pk": 313, "model": "actors.movie", "fields": {"code": "20186501", "title": "극장판 헬로카봇 : 백악기 시대", "sales": "6547568000", "audience": "873597", "open_date": "2018-08-01", "actors": [2139, 2643, 259, 130, 129, 2644, 2645, 2646, 852, 2647, 2648, 937, 2649, 2650, 2651, 2139, 2648], "genres": [7], "score": "9.24", "summary": "이유를 알아보기 위해 백악기 시대로 시간 이동을 한 차탄!\r 그곳에서 새로운 비밀친구 공룡카봇을 만나게 되고,\r 엄청난 에너지를 가진 응가암을 둘러싼 소동이 펼쳐지는데!\r 차탄과 공룡카봇들이 펼치는 백악기 시대의 놀라운 모험속으로!", "poster_URL": "https://movie-phinf.pstatic.net/20180712_119/1531377839011rdxSS_JPEG/movie_image.jpg"}}, {"pk": 314, "model": "actors.movie", "fields": {"code": "20179101", "title": "공작", "sales": "42748555526", "audience": "4968325", "open_date": "2018-08-08", "actors": [1, 204, 628, 983, 185, 2652, 2653, 524, 1337, 1026, 1634, 805, 2654, 2655, 467, 250, 2575, 621, 1208, 1841, 2656, 239, 2657, 1399, 1575, 2658, 2659, 2660, 820, 2661, 2049, 2662, 2663, 2664, 2140, 465, 708, 2665, 2355, 2666, 2091, 2667, 185, 2668, 2669, 2670, 2671, 2672, 1248, 2673, 2674, 2675, 2137, 2415, 2676, 2677, 2572], "genres": [1], "score": "6.84", "summary": "1993년, 북한 핵 개발을 둘러싸고 한반도의 위기가 고조된다. 정보사 소령 출신으로 안기부에 스카우트된 박석영(황정민)은 ‘흑금성’이라는 암호명으로  북핵의 실체를 캐기 위해 북의 고위층 내부로 잠입하라는 지령을 받는다.  안기부 해외실장 최학성(조진웅)과 대통령 외에는 가족조차도 그의 실체를 모르는 가운데  대북사업가로 위장해 베이징 주재 북 고위간부 리명운(이성민)에게 접근한 흑금성. 그는 수 년에 걸친 공작 끝에, 리명운과 두터운 신의를 쌓고  그를 통해서, 북한 권력층의 신뢰를 얻는데 성공한다. 그러나, 1997년. 남의 대선 직전에 흑금성은 남과 북의 수뇌부 사이 은밀한 거래를 감지한다. 조국을 위해 굳은 신념으로 모든 것을 걸고 공작을 수행했던 그는 걷잡을 수 없는 갈등에 휩싸이는데…", "poster_URL": "https://movie-phinf.pstatic.net/20180730_299/1532914028702Mgwti_JPEG/movie_image.jpg"}}, {"pk": 315, "model": "actors.movie", "fields": {"code": "20153446", "title": "너의 결혼식", "sales": "23672530869", "audience": "2820486", "open_date": "2018-08-22", "actors": [2678, 2679, 1457, 862, 1682, 2680, 1011, 103, 2681, 2682, 2684, 1955, 1077, 2685, 2686, 2019, 2200, 2687, 2449, 671, 2688, 2689, 2534, 2690, 2535, 2187, 1933, 2415, 2465, 2691, 2692, 1191], "genres": [3], "score": "8.42", "summary": "고3 여름, 전학생 ‘승희’(박보영)를 보고 첫눈에 반한 ‘우연’(김영광). 승희를 졸졸 쫓아다닌 끝에 마침내 공식커플로 거듭나려던 그때! 잘 지내라는 전화 한 통만 남긴 채 승희는 사라져버리고, 우연의 첫사랑은 그렇게 막을 내리는 듯했다. 1년 뒤, 승희의 흔적을 쫓아 끈질긴 노력으로 같은 대학에 합격한 우연. 그런데 그의 앞을 가로막은 건… 다름 아닌 그녀의 남.자.친.구!  예술로 빗나가는 타이밍 속 다사다난한 그들의 첫사랑 연대기는 계속된다!", "poster_URL": "https://movie-phinf.pstatic.net/20180730_82/15329286640280Wu1t_JPEG/movie_image.jpg"}}, {"pk": 316, "model": "actors.movie", "fields": {"code": "20170670", "title": "목격자", "sales": "21724741397", "audience": "2522729", "open_date": "2018-08-15", "actors": [204, 74, 443, 208, 524, 1754, 157, 1208, 2693, 2387, 1961, 618, 2628, 2670, 1954, 2214, 527, 74, 1099], "genres": [12], "score": "4.90", "summary": "모두가 잠든 새벽, 비명소리를 듣고  베란다에 나간 ‘상훈’(이성민)은 살인사건을 목격하게 된다.  신고를 하려던 순간, 손가락을 까딱거리며  자신의 아파트 층수를 세는 범인 ‘태호’(곽시양)와 눈이 마주치게 되는데…   살인을 목격한 순간, 나는 놈의 다음 타겟이 되었다. 단 1초도 멈출 수 없는 추격이 시작된다!", "poster_URL": "https://movie-phinf.pstatic.net/20180713_27/1531446268141JEyKE_JPEG/movie_image.jpg"}}, {"pk": 317, "model": "actors.movie", "fields": {"code": "20164048", "title": "22", "sales": "9053500", "audience": "1169", "open_date": "2018-08-14", "actors": [2694, 2695, 2696], "genres": [14], "score": "8.67", "summary": "중국 지역 일본군 ‘위안부’ 피해자 20만 명\r 2014년 촬영 당시 생존자 단 22명\r 그 22명의 할머니들이 들려주는 마지막 이야기\r \r 그리고…\r 2018년 8월 현재 중국에 남아 있는 ‘위안부’ 피해자는 단 6명\r 할머니들 대부분은 90세를 넘겨 삶의 끝자락에 서 있다.", "poster_URL": "https://movie-phinf.pstatic.net/20180720_100/1532070681560t6z0P_JPEG/movie_image.jpg"}}, {"pk": 319, "model": "actors.movie", "fields": {"code": "20181570", "title": "오장군의 발톱", "sales": "6991700", "audience": "1172", "open_date": "2018-08-15", "actors": [2697, 2698, 2699, 1662, 95, 2700, 2701, 1874, 2341, 2038, 95, 2048, 1836, 2702, 2702, 2703, 2704, 1666, 2137, 2705, 2706, 621, 621, 621, 621, 2707, 1486, 1486, 2708, 2200, 2709, 2710, 2711, 2711, 1634, 2712, 2713, 2714, 2715, 2716, 2717, 2718, 2719, 2301, 2720, 218, 53, 2721, 249, 1656, 2722, 2303, 2303, 2723, 2724, 2725, 2726, 2727], "genres": [8, 1, 9], "score": "5.63", "summary": "전쟁을 끝내기 위해 늘 마지막 전투를 벌이는  동쪽나라와 서쪽나라,  산 너머 날아다니는 비행기에 늘 불안감을 안고 사는 사람들  수십 년 이어지는 전쟁은  깊은 산골짜기 순박한 농삿군에게 총을 안기고   꿈에서야 만날 수 있는 장군이와 꽃분이, 결국 꿈결의 만남조차 전쟁은 허락하지 않는다.   전쟁을 끝내기 위해 전쟁을 하는  동쪽나라와 서쪽나라의 장군들에게 평화란!  한쪽이 한쪽을 소멸시켜야 찾아오는 죽음의 행진   까치골 장군이는 적과 아군을 가리는 않는 총이 무섭다고 하고,  동쪽나라 장군은 지켜야 할 가족을 위해 총을 들어야한다며  진정한 평화는 승리 위에 있다고 말한다.   까치골과 꽃분이를 그리워할수록 다가오는 죽음의 그림자 매순간 사람을 믿고 사람의 본성을 따르는 오장군,  여러 덧없는 죽음을 마주하게 된다.   소식 없는 아비를 찾아 전쟁터를 헤매는 모녀,  적의 기습에 총알받이로 죽어버린 어린 병사들 부상당한 적군의 어린병사   그리고 조금씩 다가오는 동쪽나라 장군의 계략,  장군이는 평화의 땅,  꽃분이가 기다리는 까치골로 돌아갈 수 있을까?", "poster_URL": "https://movie-phinf.pstatic.net/20180801_294/1533086539298wurjj_JPEG/movie_image.jpg"}}, {"pk": 320, "model": "actors.movie", "fields": {"code": "20181821", "title": "어른도감", "sales": "41055300", "audience": "5059", "open_date": "2018-08-23", "actors": [920, 644, 1747, 373, 576, 147, 2595, 2039, 1136, 2728, 2729, 2730, 820, 646, 2731, 2732, 2733, 2076, 2734, 1256, 1208, 2096, 2601, 203, 665, 684], "genres": [5, 1], "score": "8.35", "summary": "열 네 살 경언은 아버지 장례식장에서 생면부지의 삼촌 재민을 만난다. 얼치기 사기꾼 재민은 경언 앞에 남겨진 보험금을 모두 잃고, 두 사람은 돈을 마련하기 위해 동네 약사를 상대로 부녀를 가장한 발칙한 사기극을 벌이게 된다.", "poster_URL": "https://movie-phinf.pstatic.net/20180827_9/1535335538816ulrTM_JPEG/movie_image.jpg"}}, {"pk": 321, "model": "actors.movie", "fields": {"code": "20177537", "title": "상류사회", "sales": "6302405663", "audience": "767125", "open_date": "2018-08-29", "actors": [2735, 798, 779, 374, 5, 510, 1258, 2736, 2243, 2580, 907, 2737, 1619, 621, 2444, 1883, 2366, 2738, 2430, 605, 2149, 2739, 1701, 2740, 498, 2741, 2742, 1473, 2743, 1935, 1394, 2744, 1166, 2745, 671, 2746, 52, 2747, 2569, 2748, 605, 2667, 2206, 2103, 1995, 2749, 2750, 748, 2751, 2751, 2752, 2753, 2754, 2755, 2465, 2372], "genres": [1], "score": "4.28", "summary": "학생들에게 인기와 존경을 동시에 받는 경제학 교수 ‘태준’(박해일)은 우연한 기회를 통해 촉망받는 정치 신인으로 국회의원 선거에 출마하게 된다. 한편 그의 아내이자 미래미술관의 부관장 ‘수연’(수애)은 재개관전을 통해 관장 자리에 오르려 한다.  그러나 ‘수연’의 미술품 거래와 ‘태준’의 선거 출마 뒤에 미래그룹과 민국당의 어두운 거래가 있었다는 것이 밝혀지고 두 사람은 완벽한 상류사회 입성을 눈앞에 두고 위기에 처한다. 이 기회를 절대 놓칠 수 없는 ‘태준’과 ‘수연’ 부부는 민국당과 미래그룹에게 새로운 거래를 제안하게 되는데...  가장 아름답지만 가장 추악한 곳, 그곳으로 들어간다!", "poster_URL": "https://movie-phinf.pstatic.net/20180730_55/1532927800050iSgEs_JPEG/movie_image.jpg"}}, {"pk": 323, "model": "actors.movie", "fields": {"code": "20173732", "title": "살아남은 아이", "sales": "65097400", "audience": "7622", "open_date": "2018-08-30", "actors": [370, 2381, 75, 2360, 2756, 2757, 2758, 2511, 820, 1581, 2759, 2421, 2760, 2731, 2622, 243, 1512, 2761, 145, 907, 1678, 1373, 2762, 250, 637, 1305, 2763, 2764, 2306, 2425, 2765, 2766, 2767], "genres": [1], "score": "8.23", "summary": "아들 은찬을 잃은 성철과 미숙은 아들이 목숨을 걸고 구한 아이 기현과 우연히 마주친다.  슬픔에 빠져있던 성철과 미숙은 기현을 통해 상실감을 견뎌내고,  기댈 곳 없던 기현 역시 성철과 미숙에게 마음을 열어간다.  그러던 어느 날, 기현의 예상치 못한 고백은 세 사람의 관계를 뒤흔든다.", "poster_URL": "https://movie-phinf.pstatic.net/20180807_35/1533601874529rR6rg_JPEG/movie_image.jpg"}}, {"pk": 324, "model": "actors.movie", "fields": {"code": "20182065", "title": "대관람차", "sales": "14218600", "audience": "1593", "open_date": "2018-08-30", "actors": [1111, 2768, 379], "genres": [1], "score": "8.17", "summary": "선박사고로 실종된 선배 대정 대신 오사카에 출장 온 선박회사 대리 ‘우주’. 출장 마지막 날, 대정과 닮은 남자를 보고 무작정 쫓아가다, 다이쇼(大正)라는 낯선 동네에 도착한 우주는 기타 소리에 이끌려 피어Pier 34라는 작은 바에 들어가게 된다. 바 주인인 ‘스노우’의 기타 연주를 들으며 대정을 추억하던 우주는 잠이 들어버리고, 다음 날 아침 귀국 비행기를 놓치게 된다. 핸드폰까지 잃어버린 상황에서 간신히 회사에 상황 보고를 하던 우주는 부장에게 온갖 꾸지람을 듣고 충동적으로 회사를 그만두고 실종된 대정을 찾기로 결심한다. 다시 돌아간 피어Pier 34에서 스노우에게 기타를 배우지만 노래하지 않는 ‘하루나’를 만나는데…  당신을 위한 슬로우 뮤직시네마가 시작됩니다.", "poster_URL": "https://movie-phinf.pstatic.net/20180813_18/1534135781366yV4ic_JPEG/movie_image.jpg"}}, {"pk": 325, "model": "actors.movie", "fields": {"code": "20188501", "title": "미친도시", "sales": "8716500", "audience": "1136", "open_date": "2018-08-30", "actors": [2769, 25, 2770, 2771, 2772, 2770, 1194, 2302, 2773, 2774, 1874, 1813, 2775, 2776, 2776, 2569, 2777, 2778], "genres": [1], "score": "8.14", "summary": "갖은 불의의 유혹과 주위 사람들의 핀잔 속에서도 꽁보리밥에 새우젓무침의 도시락을 갖고 다니며 청렴하고 정직하게 근무하는 구청 행정 공무원 병수. 불의를 보면 참지 못하는 오지랖으로 관내에 불우한 사람, 억울한 사람들의 일을 자기 일처럼 돌보다 조폭들에게 두들겨 맞고 사는 바보 같은 사내다. 그런 병수에게는 죽는 그날까지 통일만 기다리는 팔순의 아버지가 있다. 어느 날, 갖은 유혹과 협박에도 굽히지 않고 청렴하게 근무하는 병수에게 묘령의 탈북 여인 명자가 접근하게 되는데...", "poster_URL": "https://movie-phinf.pstatic.net/20180821_158/1534815886286rjWKQ_JPEG/movie_image.jpg"}}, {"pk": 326, "model": "actors.movie", "fields": {"code": "20175587", "title": "나비잠", "sales": "45735700", "audience": "5122", "open_date": "2018-09-06", "actors": [2779, 802, 2780], "genres": [3], "score": "8.53", "summary": "일본 소설에 매료돼 무작정 일본으로 유학 온 작가 지망생 ‘찬해’ 학비를 벌기 위해 아르바이트를 하던 중 우연히 베스트셀러 작가 ‘료코’를 만나게 된다. ‘찬해’가 ‘료코’의 잃어버린 만년필을 찾아준 것을 계기로 반려견 톤보의 산책 아르바이트를 시작하며 조금씩 가까워지는 두 사람.  ‘료코’는 자신의 마지막 소설을 ‘찬해’와 함께 준비해가고, 소설이 완성되며 점점 커져가는 사랑을 깨닫게 된다.  우리가 써 내려간 기억의 한 페이지… 우리의 소설은 이렇게 시작된다.", "poster_URL": "https://movie-phinf.pstatic.net/20180906_294/1536198017608vktxF_JPEG/movie_image.jpg"}}, {"pk": 327, "model": "actors.movie", "fields": {"code": "20183401", "title": "봄이가도", "sales": "8148000", "audience": "1071", "open_date": "2018-09-13", "actors": [39, 496, 649, 2781, 2083, 1490, 1947], "genres": [1], "score": "8.40", "summary": "푸르스름한 이른 새벽,  “우리 향이… 돌아올 수 있는 건가요?”  딸(김혜준)을 애타게 기다리는 엄마(전미선)  고요한 정적의 한낮,  “가끔 헛것이 좀 보여요”  운 좋게 홀로 살아남은 이(유재명)  어수선한 분주함이 흐르는 저녁,  “밤낮없이 외로워서 우는 거래” 아내의 흔적에 허탈한 남자(전석호)  잊을 수 없는 그날 이후,  그리움의 시간을 보내던 이들에게  기적 같은 하루가 찾아 오는데…", "poster_URL": "https://movie-phinf.pstatic.net/20180820_88/1534741971628EVrim_JPEG/movie_image.jpg"}}, {"pk": 328, "model": "actors.movie", "fields": {"code": "20156554", "title": "물괴", "sales": "6097027954", "audience": "722486", "open_date": "2018-09-12", "actors": [446, 4, 2782, 731, 232, 857, 25, 2580, 2365, 2783, 2301, 756, 1193, 1193, 2784, 2095, 2785, 2635, 2786, 2787, 2505, 2175, 2788, 2789, 2035, 2746, 2790, 2060, 2369, 2791, 2792, 2793, 2793, 2794, 2795, 2501, 571], "genres": [6, 4], "score": "4.84", "summary": "중종 22년, 거대한 물괴가 나타나 백성들을 공격하기 시작한다. 물괴와 마주친 백성들은 그 자리에서 잔인하게 죽임을 당하거나 살아남아도 역병에 걸려 끔찍한 고통 속에 결국 죽게 되고, 한양은 삽시간에 공포에 휩싸인다. 모든 것이 자신을 몰아세우는 영의정과 관료들의 계략이라 여긴 중종은 옛 내금위장 윤겸을 궁으로 불러들여 수색대를 조직한다. 윤겸과 오랜 세월을 함께한 성한과 외동딸 명, 그리고 왕이 보낸 허선전관이 그와 함께 한다. 물괴를 쫓던 윤겸과 수색대는 곧 실로 믿을 수 없는 거대한 비밀을 마주하게 되는데…", "poster_URL": "https://movie-phinf.pstatic.net/20180904_28/1536022878766FfKOq_JPEG/movie_image.jpg"}}, {"pk": 329, "model": "actors.movie", "fields": {"code": "20176122", "title": "안시성", "sales": "46318953026", "audience": "5437459", "open_date": "2018-09-19", "actors": [2796, 1243, 2735, 2797, 232, 2798, 27, 920, 1814, 724, 538, 607, 1247, 2799, 2800, 186, 81, 1483, 937, 1153, 2801, 1454, 535, 1568, 176, 2802, 2803, 1433, 467, 1887, 2804, 2805, 2805, 1548, 1390, 2806, 2144, 2807, 2808, 2796, 2303, 2809, 1217, 2270, 2625, 2810, 2811, 2812, 2813, 471, 2814, 1935, 1939, 2284, 673, 2552, 2815, 2816, 2817, 2818, 2818, 120, 185, 2819, 2820, 2183, 540, 2672, 11, 2821, 2822, 2823, 1606, 2824, 2691], "genres": [4, 6], "score": "8.00", "summary": "우리는 물러서는 법을 배우지 못했다!  우리는 무릎 꿇는 법을 배우지 못했다!  우리는 항복이라는 걸 배우지 못했다!  천하를 손에 넣으려는 당 태종은 수십만 대군을 동원해 고구려의 변방 안시성을 침공한다. 20만 당나라 최강 대군 VS 5천명의 안시성 군사들. 40배의 전력 차이에도 불구하고, 안시성 성주 양만춘과 전사들은 당나라에 맞서 싸우기로 결심하는데…  동아시아 역사상 가장 위대한 승리를 이끈 안시성 전투가 시작된다!", "poster_URL": "https://movie-phinf.pstatic.net/20180919_108/1537322093089VIq7d_JPEG/movie_image.jpg"}}, {"pk": 330, "model": "actors.movie", "fields": {"code": "20177308", "title": "협상", "sales": "17032133166", "audience": "1967721", "open_date": "2018-09-19", "actors": [1237, 685, 74, 42, 1265, 1477, 616, 937, 524, 2708, 2240, 1047, 614, 2825, 1916, 773, 2826, 611, 2827, 213, 215, 2828, 415, 2829, 2241, 2754, 2483, 2040], "genres": [2], "score": "7.37", "summary": "어떠한 상황에서도 냉철함을 잃지 않던 최고의 협상가 ‘하채윤’은 긴급 투입된 현장에서 인질과 인질범 모두 사망하는 사건을 겪고 충격에 휩싸인다.   그로부터 10일 후,  경찰청 블랙리스트에 오른 국제 범죄조직의 무기 밀매업자 ‘민태구’가  태국에서 한국 경찰과 기자를 납치하고 그녀를 협상 대상으로 지목한다.   이유도 목적도 조건도 없이 사상 최악의 인질극을 벌이는 ‘민태구’와 그를 멈추기 위해 한치도 물러설 수 없는 협상가 ‘하채윤’   남은 시간 12시간, 목숨을 건 일생일대의 협상이 시작된다!", "poster_URL": "https://movie-phinf.pstatic.net/20180828_55/15354321217227X7a3_JPEG/movie_image.jpg"}}, {"pk": 331, "model": "actors.movie", "fields": {"code": "20172204", "title": "명당", "sales": "17896920524", "audience": "2086746", "open_date": "2018-09-19", "actors": [23, 2830, 545, 24, 132, 39, 70, 1021, 1245, 2831, 2832, 1070, 524, 1744, 1061, 421, 908, 637, 1390, 2264, 1080, 2708, 1249, 2658, 82, 1916, 2833, 1150, 2834, 2835, 2140, 1960, 2836, 2355, 2234, 2433, 1258, 2341, 2038, 1093, 1245, 2837, 2838, 2839, 2840, 2236, 2841], "genres": [4], "score": "7.07", "summary": "땅의 기운을 점쳐 인간의 운명을 바꿀 수 있는 천재지관 박재상(조승우)은 명당을 이용해 나라를 지배하려는 장동 김씨 가문의 계획을 막다 가족을 잃게 된다.  13년 후, 복수를 꿈꾸는 박재상 앞에 세상을 뒤집고 싶은 몰락한 왕족 흥선(지성)이 나타나 함께 장동 김씨 세력을 몰아낼 것을 제안한다.  뜻을 함께하여 김좌근 부자에게 접근한 박재상과 흥선은 두 명의 왕이 나올 천하명당의 존재를 알게 되고, 서로 다른 뜻을 품게 되는데…", "poster_URL": "https://movie-phinf.pstatic.net/20180920_268/1537425274130wtXzB_JPEG/movie_image.jpg"}}, {"pk": 332, "model": "actors.movie", "fields": {"code": "20173734", "title": "죄 많은 소녀", "sales": "171683950", "audience": "20005", "open_date": "2018-09-13", "actors": [933, 622, 2842, 1759, 39, 528, 2843, 2844, 1850, 71, 352, 305, 576, 2383, 1327, 2845, 2846, 1075, 2437, 1194, 2039, 1248, 689, 2273, 2273, 2847, 2848, 2849, 2850, 1486, 195, 2552, 2851, 2852, 2200, 2853, 1408, 2854, 2855, 2250, 2856, 991, 2857, 2858, 319, 2076, 2221, 322, 1402, 1624, 2859, 2303, 2860, 2861, 2862, 2863, 2864, 2628, 2865, 2866, 2867, 2868], "genres": [1, 13], "score": "8.08", "summary": "같은 반 친구 ‘경민’의 갑작스런 실종으로  마지막까지 함께 있었던 ‘영희(전여빈)’는 가해자로 지목된다.  딸의 실종 이유를 알아야 하는 ‘경민’의 엄마,  사건의 진실을 밝혀야 하는 형사, 친구의 진심을 숨겨야 하는 ‘한솔’,  상황을 빨리 정리하고 싶은 담임 선생님까지.  주변의 모든 사람들이 ‘영희’를 의심한다.  죄 많은 소녀가 된 ‘영희’는 결백을 증명해야만 하는데...", "poster_URL": "https://movie-phinf.pstatic.net/20180831_271/1535696450887dHKXM_JPEG/movie_image.jpg"}}, {"pk": 333, "model": "actors.movie", "fields": {"code": "20189746", "title": "극장판 뽀잉: 슈퍼 변신의 비밀", "sales": "293804700", "audience": "38103", "open_date": "2018-09-20", "actors": [260, 129, 125, 851, 2218, 2674, 824, 854, 2869, 854, 2674], "genres": [7], "score": "9.00", "summary": "놀이터 구조대가 되는 꿈을 가진 ‘뽀잉’!\r 뛰어난 능력을 가진 ‘하이에나’ 박사님의 실험실을 찾아가게 된다.\r 하지만 ‘뽀잉’의 실수로 공룡 장난감은 ‘티라노 로봇’으로 변신하고\r 숲속 동물들이 괴물로 변해 놀이터 마을은 위기에 처하게 된다.\r \r 슈퍼 변신에 도전하는 ‘뽀잉’과 힘이 센 ‘빙빙이’, 아이디어 뱅크 ‘몽바’의\r 놀이터 마을을 지키기 위한 모험이 시작된다!\r \r “우리 다 같이 놀이터 마을을 구하자!”", "poster_URL": "https://movie-phinf.pstatic.net/20180822_153/1534899780070V7mOn_JPEG/movie_image.jpg"}}, {"pk": 334, "model": "actors.movie", "fields": {"code": "20179189", "title": "암수살인", "sales": "32979509698", "audience": "3786412", "open_date": "2018-10-03", "actors": [1156, 983, 1141, 1488, 1269, 632, 239, 2240, 2763, 1809, 82, 2685, 2870, 2871, 465, 708, 2872, 45, 2873, 2692], "genres": [2, 1], "score": "8.32", "summary": "“일곱, 총 일곱 명 입니다. 제가 죽인 사람들예.” 수감된 살인범 강태오(주지훈)는 형사 김형민(김윤석)에게 추가 살인을 자백한다. 형사의 직감으로 자백이 사실임을 확신하게 된 형민은, 태오가 적어준 7개의 살인 리스트를 믿고 수사에 들어간다.   “이거 못 믿으면 수사 못한다. 일단 무조건 믿고, 끝까지 의심하자.”  태오의 추가 살인은 세상에 알려지지 않은 암수사건.  형민은 태오가 거짓과 진실을 교묘히 뒤섞고 있다는 걸 알게 되지만 수사를 포기하지 않는다.  그러나 다가오는 공소시효와 부족한 증거로 인해 수사는 난항을 겪게 되는데…", "poster_URL": "https://movie-phinf.pstatic.net/20180910_81/1536543365477xFgPy_JPEG/movie_image.jpg"}}, {"pk": 335, "model": "actors.movie", "fields": {"code": "20167903", "title": "원더풀 고스트", "sales": "3715072600", "audience": "449475", "open_date": "2018-09-26", "actors": [361, 2679, 1104, 2874, 2283, 2875, 2429, 2876, 2877, 1849, 1081, 1081, 2878, 85, 2879, 2140, 2880, 2184, 1933, 2840, 2256, 2881, 2882], "genres": [5, 1, 2], "score": "6.65", "summary": "딸 앞에선 바보지만 남의 일에는 1도 관심 없는 유도 관장 ‘장수’(마동석)에게  의욕과다 경찰 출신 고스트 ‘태진’(김영광)이 보이기 시작한다.  안 들리는 척, 안 보이는 척해도  ‘장수’에게 착! 달라붙은 고스트 ‘태진’은 그에게 자신과 함께 이 동네에서 일어나는 사건을  함께 수사할 것을 부탁하는데…  인간과 고스트의 신들린 합동수사가 시작된다!", "poster_URL": "https://movie-phinf.pstatic.net/20181005_242/1538714564568GYBzR_JPEG/movie_image.jpg"}}, {"pk": 336, "model": "actors.movie", "fields": {"code": "20189067", "title": "미쓰백", "sales": "6023952216", "audience": "719957", "open_date": "2018-10-11", "actors": [918, 2883, 167, 1929, 674, 42, 1133, 1047, 147, 649, 2004, 2219, 248, 1367, 1874, 820, 2148, 2130, 2884, 2885, 2048, 1388, 2241, 1133], "genres": [1], "score": "9.10", "summary": "스스로를 지키려다 어린 나이에 전과자가 되어 외롭게 살아가던 ‘백상아’ 누구도 믿지 않고 아무것도 마음에 두지 않던 어느 날 나이에 비해 작고 깡마른 몸, 홑겹 옷을 입은 채 가혹한 현실에서 탈출하려는 아이 ‘지은’을 만나게 된다.  왠지 자신과 닮은 듯한 아이 ‘지은’을 외면할 수 없는 ‘상아’는 ‘지은’을 구하기 위해 세상과 맞서기로 결심하는데…  “이런 나라도, 같이 갈래?”", "poster_URL": "https://movie-phinf.pstatic.net/20181011_124/15392221324972UPeA_JPEG/movie_image.jpg"}}, {"pk": 337, "model": "actors.movie", "fields": {"code": "20184678", "title": "배반의 장미", "sales": "325552150", "audience": "40208", "open_date": "2018-10-18", "actors": [4, 799, 2489, 2318, 62, 1619, 2886, 2887, 1446, 353, 2888, 2889, 2890, 2891, 2892, 1935, 2893, 2893, 2103, 2894, 2438, 1076], "genres": [5], "score": "5.40", "summary": "각자 자신의 인생이 세상 제일 우울하고 슬플 것이라 자부하는 3명의 남자와 1명의 여자가 만나, 한날한시에 함께 가기로 결심한다. 거사를 위해 먼저 모인 닉네임 ‘최후의 불꽃’ 병남, ‘인생은 미완성’ 심선, ‘행복은 성적순’ 두석. 인생의 끝에 선 세 남자는 가슴에 품어왔던 버킷리스트를 실천하며 비장하게 마지막을 준비한다.  그때 마지막 한 사람, 닉네임 ‘배반의 장미’ 미지가 도착하고 아름답고 매력적인 그녀의 등장으로 모두의 계획에 차질이 생기는데… 완벽한 그녀의 놀라운 과거가 밝혀지며 죽음의 위기(!)에서 살아남기 위한 네 사람의 아주 특별한 하루가 시작된다!", "poster_URL": "https://movie-phinf.pstatic.net/20180918_182/1537236574109aILMC_JPEG/movie_image.jpg"}}, {"pk": 338, "model": "actors.movie", "fields": {"code": "20174981", "title": "창궐", "sales": "13272619490", "audience": "1598802", "open_date": "2018-10-25", "actors": [1237, 1775, 30, 32, 660, 36, 18, 34, 1922, 748, 1155, 2373, 1483, 2301, 715, 53, 1629, 1647, 2895, 2896, 771, 157, 1390, 1390, 288, 353, 2808, 2659, 2897, 2597, 2898, 2124, 1701, 2899, 2810, 2900, 2901, 2814, 2902, 1935, 2903, 752, 2860, 2860, 2449, 2904, 2905, 52, 2233, 2711, 2906, 2906, 2907, 2908, 2909, 2910, 2911, 2911, 185, 2912, 2134, 2821, 2913, 2913, 2914, 2915, 2916, 2917, 2918, 2919, 2465, 1851], "genres": [4, 6], "score": "5.08", "summary": "밤에만 활동하는 산 자도 죽은 자도 아닌 ‘야귀(夜鬼)‘가 창궐한 세상, 위기의 조선으로 돌아온 왕자 ‘이청’(현빈)은 도처에 창궐한 야귀떼에 맞서 싸우는 최고의 무관 ‘박종사관’(조우진) 일행을 만나게 되고, 야귀떼를 소탕하는 그들과 의도치 않게 함께하게 된다. 한편, 조선을 집어삼키려는 절대악 ‘김자준’(장동건)은 이 세상을 뒤엎기 위한 마지막 계획을 감행하는데…  조선필생 VS 조선필망 세상을 구하려는 자와 멸망시키려는 자! 오늘 밤, 세상에 없던 혈투가 시작된다!", "poster_URL": "https://movie-phinf.pstatic.net/20181001_87/15383614506431bq1D_JPEG/movie_image.jpg"}}, {"pk": 339, "model": "actors.movie", "fields": {"code": "20177538", "title": "완벽한 타인", "sales": "44344963774", "audience": "5292712", "open_date": "2018-10-31", "actors": [1003, 628, 2874, 1748, 2597, 2920, 1330, 1341, 2231, 673, 2090], "genres": [1, 5], "score": "8.64", "summary": "우리 게임 한 번 해볼까? 다들 핸드폰 올려봐 저녁 먹는 동안 오는 모든 걸 공유하는 거야 전화, 문자, 카톡, 이메일 할 것 없이 싹!  오랜만의 커플 모임에서 한 명이 게임을 제안한다. 바로 각자의 핸드폰을 테이블 위에 올려두고 통화 내용부터 문자와 이메일까지 모두 공유하자고 한 것. 흔쾌히 게임을 시작하게 된 이들의 비밀이 핸드폰을 통해 들통나면서 처음 게임을 제안했던 것과는 전혀 다른 상상치 못한 결말로 흘러가는데…. 상상한 모든 예측이 빗나간다!", "poster_URL": "https://movie-phinf.pstatic.net/20181106_289/1541478936071tmadh_JPEG/movie_image.jpg"}}, {"pk": 340, "model": "actors.movie", "fields": {"code": "20189281", "title": "폴란드로 간 아이들", "sales": "342385800", "audience": "44578", "open_date": "2018-10-31", "actors": [2921, 2922, 2315, 2923, 2924, 246, 2925, 2926, 2927, 2927], "genres": [14, 1], "score": "9.33", "summary": "1951년, 한국전쟁 고아 1,500명이 비밀리에 폴란드로 보내졌다. 폴란드 선생님들은 말도 통하지 않는 아이들을 사랑으로 품었고, 아이들도 선생님을 ‘마마’, ‘파파’라 부르며 새로운 가족으로 받아들인다. 그러나 8년 후, 아이들은 갑작스러운 송환 명령을 받게 되는데…  2018년, 아이들의 생사조차 알 수 없는 지금까지도  폴란드 선생님들은 아이들을 그리워하며 눈물을 흘린다.  역사 속 어디에도 기록되지 않았지만, 가슴에 남아있는 위대한 사랑의 발자취를 따라 추상미 감독과 탈북소녀 이송, 남과 북 두 여자가 함께 떠나는 특별한 여정이 시작된다!", "poster_URL": "https://movie-phinf.pstatic.net/20181004_63/1538615669479nezAh_JPEG/movie_image.jpg"}}, {"pk": 341, "model": "actors.movie", "fields": {"code": "20180401", "title": "풀잎들", "sales": "43072950", "audience": "5268", "open_date": "2018-10-25", "actors": [625, 511, 393, 622, 373, 378, 367, 1416, 2928, 2379, 1104, 2928, 1104], "genres": [1], "score": "7.68", "summary": "커피집이 있을 것 같지 않은 골목 안으로 커피집이 있고 사람들이 커피집 안 여기저기에 앉아 얘기들을 하고 있습니다.\r 밖에는 건너편 슈퍼 아줌마가 심어 놓은 몇 가지 종류의 야채의 새싹들이 고무대야 안에서 자라나고 있습니다. \r 다른 테이블에 앉은 사람들이 시간이 지나면 서로 섞이고 서로에게 익숙해집니다.\r 한 여자는 그들을 관찰하고 자신의 생각을 기록하고 있습니다.\r 그들은 밤이 되도록까지 커피집을 떠나지 않습니다.", "poster_URL": "https://movie-phinf.pstatic.net/20181008_128/15389618147536vcgF_JPEG/movie_image.jpg"}}, {"pk": 342, "model": "actors.movie", "fields": {"code": "20170513", "title": "동네사람들", "sales": "3806062612", "audience": "459918", "open_date": "2018-11-07", "actors": [361, 447, 2929, 1488, 1265, 2011, 570, 2930, 992, 53, 1849, 1081, 1329, 2931, 2932, 2933, 185, 2934, 1518, 2935, 373, 2483, 527], "genres": [6, 12], "score": "5.40", "summary": "여고생이 사라졌지만 너무나 평온한 시골의 한적한 마을, 기간제 교사로 새로 부임 온 외지 출신 체육교사 ‘기철(마동석)’은 동네 분위기가 심상치 않음을 감지한다. 실종된 여고생의 유일한 친구 '유진(김새론)'만이 친구가 납치된 거라 확신하여 사건을 쫓고, 의도치 않게 ‘유진’과 함께 사라진 소녀를 찾기 위해 나선 ‘기철’은 누군가에 의해 그녀의 흔적들이 사라지고 있다는 사실을 알게 되는데...  모두가 침묵하는 사라진 소녀, 하지만 누군가는 반드시 그녀를 찾아야만 한다", "poster_URL": "https://movie-phinf.pstatic.net/20181109_35/15417456367899cdGU_JPEG/movie_image.jpg"}}, {"pk": 343, "model": "actors.movie", "fields": {"code": "20179006", "title": "여곡성", "sales": "587470800", "audience": "66455", "open_date": "2018-11-08", "actors": [2936, 2488, 2937, 514, 334, 265, 2938, 2939, 2940, 2941, 2409, 2942, 322, 250, 2488, 820, 2271, 1734, 2038, 657], "genres": [11, 13], "score": "4.26", "summary": "원인 모를 기이한 죽음이 이어지는 한 저택. 우연히 이곳에 발을 들이게 된 옥분은 비밀을 간직한 신씨 부인을 만난다. 신씨 부인은 옥분에게 집안에 있는 동안 반드시 지켜야 할 규칙을 이야기하고, 옥분은 상상조차 할 수 없는 서늘한 진실을 마주하게 된다.  죽음이 소리 내어 울기 시작한다! 살고 싶다면, 귀를 막아라!", "poster_URL": "https://movie-phinf.pstatic.net/20181017_83/15397650480164Sm4J_JPEG/movie_image.jpg"}}, {"pk": 344, "model": "actors.movie", "fields": {"code": "20184481", "title": "성난황소", "sales": "13217230387", "audience": "1590591", "open_date": "2018-11-22", "actors": [361, 2336, 375, 1245, 90, 115, 2943, 2944, 1754, 2945, 2946, 2659, 2097, 1166, 215, 701, 2948, 1245, 2083, 2949], "genres": [2, 6], "score": "7.54", "summary": "거칠었던 과거를 벗어나 수산시장에서 건어물 유통을 하며 건실하게 살던 동철(마동석). 어느 날 아내 지수(송지효)가 납치되고, 경찰에 신고를 하지만 그녀의 행방은 묘연하기만 하다. 그리고 동철에게 걸려 온 납치범(김성오)의 전화! 오히려 지수를 납치한 대가로 거액의 돈을 동철에게 주겠다는 파격 제안을 하고, 이에 폭발한 동철은 지수를 구하기 위해 움직이기 시작하는데…! 느낌 오지? 잘못 건드린 거", "poster_URL": "https://movie-phinf.pstatic.net/20181031_241/1540950975705Bac4v_JPEG/movie_image.jpg"}}, {"pk": 345, "model": "actors.movie", "fields": {"code": "20181086", "title": "군산: 거위를 노래하다", "sales": "100007800", "audience": "11760", "open_date": "2018-11-08", "actors": [798, 150, 511, 369, 2950, 2933, 344, 2951, 2952, 2953, 2954, 621, 131, 2955, 2955, 2320, 1581, 1522, 2522, 2956, 2957, 2325, 717, 2958, 2959, 2959, 1844, 2576, 1039, 2960, 1045, 2961, 2962, 2963], "genres": [1], "score": "6.87", "summary": "전직 시인 ‘윤영’은 한때 좋아했던  선배의 아내 ‘송현’이 돌싱이 되어 기쁘다.  술김에 둘은 군산으로 떠나고 일본풍 민박집에 묵는다.  ‘송현’이 과묵한 민박집 사장 남자에게 관심을 보이자,  ‘윤영’은 자신을 맴도는 민박집 딸이 궁금해진다.  군산에서의 둘의 마음과 시간은 서울과 달리  자꾸 어긋나기만 하는데…  시작하지 않는 남자와 시작해야 하는 여자  애매모호한 두 남녀의 군산이몽이 詩作된다", "poster_URL": "https://movie-phinf.pstatic.net/20181017_9/1539741092982WEvyC_JPEG/movie_image.jpg"}}, {"pk": 346, "model": "actors.movie", "fields": {"code": "20189869", "title": "해피 투게더", "sales": "191144450", "audience": "24827", "open_date": "2018-11-15", "actors": [232, 2299, 2964, 93, 48, 2132, 2457, 2965, 2283, 621, 2966, 2033, 804, 250, 2967, 2013, 1485, 2968, 2333, 2160, 2969], "genres": [1, 5], "score": "7.52", "summary": "“이번 생에서 난 주인공이 아닌가 봐” 사랑하는 아들 ‘하늘이’를 위해 천직이라 믿었던 음악의 꿈을 포기한 순둥이 싱글대디 ‘강석진’. 일명 ‘땜빵’ 무대에 서기 위해 찾아간 나이트클럽에서 화려한 반짝이 의상을 빼입은 ‘박영걸’을 만나다!    “관객 마음 사로잡아 본 적 있어요? 스파크 빡 때려본 적 있냐고”  밤무대 인기스타. 하지만 남들 몰래 바람잡이 관객 알바를 고용하는 생계형 색소포니스트 ‘박영걸’.  우연히 만난 꿈쟁이 ‘강석진’에게 훈수를 두지만, 얼마 후 상상도 못했던 곳에서 그와 그의 아들과 재회하며 인생 제대로 꼬이다!   “난 아빠가 색소폰 부는 모습이 제일 멋있단 말이야!”  ‘석진’의 영원한 제1호 팬이자 사랑스러운 아들 ‘하늘’. 가난 속에서도 늘 밝지만 색소폰 앞에서는 누구보다 진지한 음악신동. 시원하게 뽑아내는 선율로 우연히 재회한 ‘영걸’을 사로잡다!   이번 생은 엑스트라지만, 그래도 오늘 밤만은 우리 모두가 주인공!   인생 무대에 오르고 싶은 이들의 유쾌하고 찬란한 반격이 시작된다!", "poster_URL": "https://movie-phinf.pstatic.net/20181116_119/1542355085445eqNwH_JPEG/movie_image.jpg"}}, {"pk": 348, "model": "actors.movie", "fields": {"code": "20182935", "title": "출국", "sales": "618578950", "audience": "78583", "open_date": "2018-11-14", "actors": [196, 696, 612, 800, 187, 1298, 2301, 894, 859, 77, 2666, 2978, 2241, 2256, 2083], "genres": [1], "score": "8.77", "summary": "베를린에 유학 중이던 평범한 경제학자 ‘영민’은 자신과 가족을 위한다는 명분으로 북으로 가는 선택을 한다.  이내 실수임을 깨닫고 코펜하겐 공항에서 위험천만한 탈출을 시도하던 그는 가족과 헤어지게 되고, 각국 정보국에 도움을 요청한다. 그러나 그들 역시, 그의 가족의 생사에는 관심을 두지 않은 채 서로 다른 목적으로 그를 이용하려고 감시하는데...  누구도 믿을 수 없다! 잃어버린 가족을 되찾기 위한 한 남자의 사투가 시작된다!", "poster_URL": "https://movie-phinf.pstatic.net/20181022_106/1540170285123a57tG_JPEG/movie_image.jpg"}}, {"pk": 349, "model": "actors.movie", "fields": {"code": "20177552", "title": "국가부도의 날", "sales": "30888512337", "audience": "3754499", "open_date": "2018-11-28", "actors": [645, 289, 1538, 30, 2979, 503, 488, 2980, 989, 2981, 2982, 2814, 592, 1879, 199, 2638, 1136, 2983], "genres": [1], "score": "8.16", "summary": "1997년, 대한민국 최고의 경제 호황을 믿어 의심치 않았던 그때,  곧 엄청난 경제 위기가 닥칠 것을 예견한 한국은행 통화정책팀장 ‘한시현’(김혜수)은 이 사실을 보고하고,  정부는 뒤늦게 국가부도 사태를 막기 위한 비공개 대책팀을 꾸린다.     한편, 곳곳에서 감지되는 위기의 시그널을 포착하고 과감히 사표를 던진 금융맨 ‘윤정학’(유아인)은  국가부도의 위기에 투자하는 역베팅을 결심, 투자자들을 모으기 시작한다.  이런 상황을 알 리 없는 작은 공장의 사장이자 평범한 가장 ‘갑수’(허준호)는  대형 백화점과의 어음 거래 계약서에 도장을 찍고 소박한 행복을 꿈꾼다.     국가부도까지 남은 시간 단 일주일.  대책팀 내부에서 위기대응 방식을 두고 시현과 ‘재정국 차관’(조우진)이 강하게 대립하는 가운데,  시현의 반대에도 불구하고 ‘IMF 총재’(뱅상 카셀)가 협상을 위해 비밀리에 입국하는데…     위기를 막으려는 사람과 위기에 베팅하는 사람,  그리고 회사와 가족을 지키려는 평범한 사람,  1997년, 서로 다른 선택을 했던 사람들의 이야기가 시작된다!", "poster_URL": "https://movie-phinf.pstatic.net/20181105_232/1541392865465aVb5V_JPEG/movie_image.jpg"}}, {"pk": 350, "model": "actors.movie", "fields": {"code": "20177341", "title": "영주", "sales": "176567950", "audience": "22628", "open_date": "2018-11-22", "actors": [609, 1160, 39, 184, 2984, 2984, 2985, 2985, 127, 2986], "genres": [1], "score": "8.31", "summary": "교통사고로 부모를 잃고 졸지에 가장이 된 영주는 자신의 학업은 포기하더라도 동생 ‘영인’이 만큼은 책임지려 한다.  하지만 영인은 어긋나기만 하고, 현실은 냉혹하기만 하다.  동생 ‘영인’의 사고로 하나 밖에 없는 집까지 팔아야 할 상황에 내 몰린 ‘영주’는 부모를 죽게 만든 그들을 찾아간다.", "poster_URL": "https://movie-phinf.pstatic.net/20181030_246/1540890794923n6bvy_JPEG/movie_image.jpg"}}, {"pk": 351, "model": "actors.movie", "fields": {"code": "20174442", "title": "뷰티풀 데이즈", "sales": "39835350", "audience": "5148", "open_date": "2018-11-21", "actors": [2615, 2987, 670, 352, 2988, 2989, 2270, 2125, 713, 2990, 147, 2991, 623], "genres": [1], "score": "7.34", "summary": "아픈 과거를 지닌 채 한국에서 살아가는 ‘여자’   14년 만에 그녀를 찾아 중국에서 온 ‘아들’  그리고 마침내 밝혀지는 그녀의 숨겨진 진실…      중국의 조선족 대학생 젠첸은 병든 아버지의 부탁으로 오래 전 자신들을 버리고 떠난 엄마를 찾아 한국에 온다. 술집을 운영하며 한국인 남자와 살고 있는 엄마는 가뜩이나 원망을 가지고 자랐던 젠첸에게 더 큰 실망을 주고, 게다가 14년만에 나타난 아들을 예상외로 무심하게 대한다. 하지만, 짧은 만남 후 중국으로 돌아간 젠첸은 오랫동안 숨겨온 엄마의 놀라운 과거를 알게 되는데…", "poster_URL": "https://movie-phinf.pstatic.net/20181022_44/1540184975122jj5PS_JPEG/movie_image.jpg"}}, {"pk": 352, "model": "actors.movie", "fields": {"code": "20179230", "title": "도어락", "sales": "12787610786", "audience": "1559016", "open_date": "2018-12-05", "actors": [1125, 782, 375, 863, 668, 2476, 2038, 1188, 1196, 2992, 2430, 1433, 2993, 340, 2875, 2994, 748], "genres": [12, 1], "score": "6.07", "summary": "오피스텔에 혼자 살고 있는 평범한 직장인 경민(공효진). 퇴근 후 집에 돌아온 경민은 원룸의 도어락 덮개가 열려있는 것을 발견한다. 불안한 마음에 도어락 비밀번호를 변경해보지만  그날 밤, 잠들기 전 문 밖에서 들리는 소리  '삐-삐-삐-삐- 잘못 누르셨습니다'  공포감에 휩싸인 경민은 경찰에 신고를 하지만 그들은 경민의 잦은 신고를 귀찮아 할 뿐, 대수롭지 않게 여긴다. 그리고 얼마 뒤, 경민의 원룸에서 낯선 사람의 침입 흔적과 함께 의문의 살인 사건이 발생하고 자신도 안전하지 않음을 직감한 경민은 직접 사건의 실체를 쫓게 되는데..!  열려 있는 도어락 덮개, 지문으로 뒤덮인 키패드, 현관 앞 담배꽁초 혼자 사는 원룸, 이곳에 누군가 숨어있다!", "poster_URL": "https://movie-phinf.pstatic.net/20181109_210/1541739608888DcEEo_JPEG/movie_image.jpg"}}, {"pk": 353, "model": "actors.movie", "fields": {"code": "20176251", "title": "내안의 그놈", "sales": "16412074567", "audience": "1916849", "open_date": "2019-01-09", "actors": [232, 1340, 5, 907, 46, 1050, 2995, 1330, 1971, 2996, 2997, 2998, 1191], "genres": [9, 5], "score": "8.19", "summary": "엘리트 아재 판수(박성웅)를 우연히 옥상에서 떨어진 고등학생 동현(진영)이 덮치면서 제대로 바뀐다.  게다가 판수는 동현의 몸으로 첫사랑 미선(라미란)과 존재도 몰랐던 딸 현정(이수민)을 만나게 되는데…  대유잼의 향연, 넌 이미 웃고 있다!", "poster_URL": "https://movie-phinf.pstatic.net/20181204_172/1543891228332kV3d1_JPEG/movie_image.jpg"}}, {"pk": 354, "model": "actors.movie", "fields": {"code": "20183745", "title": "런닝맨 : 풀룰루의 역습", "sales": "1414272850", "audience": "186064", "open_date": "2018-12-05", "actors": [127, 2999, 129, 1632, 938, 260], "genres": [7], "score": "7.74", "summary": "멸망 위기의 세상을 구하고 영웅이 된 런닝맨들. \r \r 어느 날, 풀룰루족들로 가득 찬 경기장으로 그들을 데려온 제사장 “아콩”은\r 런닝맨들을 죄인으로 몰며 강제로 게임에 출전시킨다. 이름하여 '런닝맨 서바이벌'! \r \r 탈출할 수 있는 기회는 단 한 번뿐!\r 각종 함정과 거대 미로가 가득한 이곳에서 런닝맨들은 과연 탈출에 성공하고 누명을 벗을 수 있을까?!", "poster_URL": "https://movie-phinf.pstatic.net/20181205_98/1543990964473PgUYG_JPEG/movie_image.jpg"}}, {"pk": 355, "model": "actors.movie", "fields": {"code": "20183650", "title": "번개맨의 비밀", "sales": "384991550", "audience": "49367", "open_date": "2018-12-06", "actors": [2346, 2347, 2348, 756, 2349, 3000, 756, 321], "genres": [10, 18], "score": "9.01", "summary": "대한민국 어린이들의 슈퍼히어로 번개맨!  번개맨은 처음부터 용감한 영웅이었을까?! 조이랜드를 지키기 위해 일곱번개를 찾아 떠나는 번개맨과 친구들의 흥미진진한 모험!  겁많고 소심한 소방대원에서 아이들의 슈퍼파워 영웅 ‘번개맨’이 되기까지 아무도 몰랐던 놀라운 비밀까지!", "poster_URL": "https://movie-phinf.pstatic.net/20181105_167/1541396148145Jky31_JPEG/movie_image.jpg"}}, {"pk": 356, "model": "actors.movie", "fields": {"code": "20175547", "title": "스윙키즈", "sales": "12059470392", "audience": "1467796", "open_date": "2018-12-19", "actors": [188, 1159, 3001, 1174, 3002, 3003, 3004, 2372, 1093, 1245, 2273, 2755, 3005, 1984, 3006, 2597, 2430, 820, 2124, 2889, 41, 3007, 3008, 3009, 688, 3010, 1501, 53, 908, 250, 250, 2166, 1080, 1728, 3011, 3012, 270, 2865], "genres": [1], "score": "8.37", "summary": "1951년 한국전쟁, 최대 규모의 거제 포로수용소. 새로 부임해 온 소장은 수용소의 대외적 이미지 메이킹을 위해  전쟁 포로들로 댄스단을 결성하는 프로젝트를 계획한다.  수용소 내 최고 트러블메이커 ‘로기수’(도경수), 무려 4개 국어가 가능한 무허가 통역사 ‘양판래’(박혜수), 잃어버린 아내를 찾기 위해 유명해져야 하는 사랑꾼 ‘강병삼’(오정세), 반전 댄스실력 갖춘 영양실조 춤꾼 ‘샤오팡’(김민호), 그리고 이들의 리더, 전직 브로드웨이 탭댄서 ‘잭슨’(자레드 그라임스)까지 우여곡절 끝에 한 자리에 모인 그들의 이름은 ‘스윙키즈’! 각기 다른 사연을 갖고 춤을 추게 된 그들에게 첫 데뷔 무대가 다가오지만,  국적, 언어, 이념, 춤 실력, 모든 것이 다른 오합지졸 댄스단의 앞날은 캄캄하기만 한데…!", "poster_URL": "https://movie-phinf.pstatic.net/20181123_36/1542956277015JmOTd_JPEG/movie_image.jpg"}}, {"pk": 357, "model": "actors.movie", "fields": {"code": "20184529", "title": "트와이스랜드", "sales": "150034000", "audience": "17823", "open_date": "2018-12-07", "actors": [3013, 3014, 3015, 3016, 3017, 3018, 3019, 3020, 3021], "genres": [14], "score": "9.18", "summary": "사랑스러운 답정너로 변신한 ‘예스 오어 예스(YES or YES)’까지 10연타 히트곡 행진을 이루며 데뷔 3주년을 화려하게 장식하고 있는 트와이스를 영화로 만난다.\r \r “원스~ 우리가 돌아왔어요”\r \r 2018년 5월, 아시아 원톱 걸그룹 ‘트와이스’의 두 번째 투어 ‘트와이스랜드 존 2 : 판타지파크(TWICELAND ZONE 2 : FANTASY PARK)’가 세계 팬들에게 눈으로 한 번, 귀로 한 번, 두 배의 감동을 전하며 화려한 막을 내린 잊을 수 없는 그 열기와 흥분을 스크린에 고스란히 담았다.\r \r 영화 ‘트와이스랜드(TWICELAND)’를 통해 두 번째 콘서트 실황과 9명의 멤버들의 인간적이고 진솔한 모습을 만난다. 데뷔곡 ‘우아하게(OOH-AHH하게)’부터 ‘치어업(CHEER UP)’, ‘티티(TT)’, ‘낙낙(KNOCK KNOCK)’, ‘시그널(SIGNAL)’ 등 매 앨범마다 음원 사이트 1위를 기록한 히트곡들과 밝은 에너지 가득한 무대로 실제 콘서트장에 있는 듯한 현장감을 전한다. \r \r “언제나 곁에 있을게”\r \r 영화는 싱가포르, 방콕, 자카르타 등 해외 투어 모습과 비하인드 스토리, 그리고 팬들을 향한 애정 넘치는 인터뷰까지 아홉 멤버들의 빛나는 날들을 보여준다.\r 늘 곁에 있겠다는 약속을 한 팬들에게 특별한 추억과 선물이 될 ‘트와이스랜드’.\r 사탕처럼 달콤하고 아름다운 소녀들, 따로 또 같이 다채로운 개성을 뽐내는 트둥이들의 매력이 가득한 트와이스랜드의 문이 활짝 열렸다!", "poster_URL": "https://movie-phinf.pstatic.net/20181126_28/1543198228641MuW4K_JPEG/movie_image.jpg"}}, {"pk": 358, "model": "actors.movie", "fields": {"code": "20168773", "title": "마약왕", "sales": "16216048312", "audience": "1863283", "open_date": "2018-12-19", "actors": [917, 509, 829, 1248, 29, 167, 30, 204, 26, 605, 3022, 2571, 3023, 2934, 2208, 2755, 2729, 2046, 2730, 2656, 2095, 3024, 3024, 1242, 2445, 1081, 2113, 3025, 3025, 3026, 2374, 3027, 2218, 894, 3028, 1356, 1178, 1676, 1619, 321, 439, 2655, 3029, 3030, 1402, 488, 1208, 1208, 1485, 2096, 2659, 187, 3031, 3032, 3033, 3034, 3035, 2913], "genres": [2, 1], "score": "6.37", "summary": "“애국이 별게 아니다!  일본에 뽕 팔믄 그게 바로 애국인기라!” 마약도 수출하면 애국이 되던 1970년대 대한민국,   하급 밀수업자였던 이두삼은 우연히 마약 밀수에 가담했다가  마약 제조와 유통 사업에 본능적으로 눈을 뜨게 되면서 사업에 뛰어든다.   “이 나라는 내가 먹여 살렸다 아이가” 뛰어난 눈썰미, 빠른 위기대처능력, 신이 내린 손재주로 단숨에 마약업을 장악한 이두삼 사업적인 수완이 뛰어난 로비스트 김정아(배두나)가 합류하면서  그가 만든 마약은 '메이드인 코리아'라는 브랜드를 달게 된다.  마침내 이두삼은 대한민국을 넘어 아시아까지 세력을 확장하며 백색 황금의 시대를 열게 된다   한편, 마약으로 인해 세상은 점점 불안해지기 시작하고  승승장구하는 이두삼을 주시하는 한 사람 김인구(조정석)가 움직이기 시작하는데…", "poster_URL": "https://movie-phinf.pstatic.net/20181126_96/1543207321602QPWG8_JPEG/movie_image.jpg"}}, {"pk": 359, "model": "actors.movie", "fields": {"code": "20184105", "title": "말모이", "sales": "23949286720", "audience": "2860683", "open_date": "2019-01-09", "actors": [1003, 1017, 26, 3036, 368, 1133, 1646], "genres": [1], "score": "9.07", "summary": "1940년대 우리말이 점점 사라져가고 있는 경성. 극장에서 해고된 후 아들 학비 때문에 가방을 훔치다 실패한 판수. 하필 면접 보러 간 조선어학회 대표가 가방 주인 정환이다. 사전 만드는데 전과자에다 까막눈이라니! 그러나 판수를 반기는 회원들에 밀려 정환은 읽고 쓰기를 떼는 조건으로 그를 받아들인다. 돈도 아닌 말을 대체 왜 모으나 싶었던 판수는 난생처음 글을 읽으며 우리말의 소중함에 눈뜨고, 정환 또한 전국의 말을 모으는 ‘말모이’에 힘을 보태는 판수를 통해 ‘우리’의 소중함에 눈뜬다. 얼마 남지 않은 시간, 바짝 조여오는 일제의 감시를 피해 ‘말모이’를 끝내야 하는데…  우리말이 금지된 시대, 말과 마음이 모여 사전이 되다", "poster_URL": "https://movie-phinf.pstatic.net/20181227_80/1545901137289EGbWK_JPEG/movie_image.jpg"}}, {"pk": 360, "model": "actors.movie", "fields": {"code": "20170658", "title": "PMC: 더 벙커", "sales": "14011719924", "audience": "1669299", "open_date": "2018-12-26", "actors": [627, 1475, 3037, 1337], "genres": [6], "score": "5.22", "summary": "글로벌 군사기업(PMC) 블랙리저드의 캡틴 에이헵(하정우)은 미국 CIA의 의뢰로 거액의 프로젝트를 맡게 된다. 그러나 작전장소인 DMZ 지하 30M 비밀벙커에는  약속된 타깃이 아닌 뜻밖의 인물, 북한 ‘킹’이 나타난다. 아시아 최고의 현상금이 걸린 킹, 그를 잡기 위해 캡틴 에이헵은 작전을 변경하고, 12인의 크루들과 함께 킹을 납치하는 데 성공한다.  하지만 또 다른 군사기업(PMC)의 기습과 미국 CIA의 폭격으로 함정에 빠져버린 에이헵과 블랙리저드팀. 결국 무너져버린 지하 비밀 벙커 안 부상을 입은 에이헵은 인질로 잡혀 있던 북한 최고의 엘리트 닥터 윤지의에게 도움을 요청하는데…  현 시각부로 작전 변경! 생존을 위한 리얼타임 액션이 시작된다!", "poster_URL": "https://movie-phinf.pstatic.net/20181205_284/1543974277191S4IrC_JPEG/movie_image.jpg"}}, {"pk": 361, "model": "actors.movie", "fields": {"code": "20183785", "title": "점박이 한반도의 공룡2 : 새로운 낙원", "sales": "4282912700", "audience": "548661", "open_date": "2018-12-25", "actors": [857, 5, 545, 3038, 2194, 3039, 3040, 854, 3041, 2303, 3042], "genres": [7], "score": "9.14", "summary": "8천만 년 전 백악기 최후의 재난 이후, 모든 가족을 잃고 둘만 남게 된 공룡의 제왕 타르보사우르스 ‘점박이’와 그의 아들 ‘막내’ 아빠 ‘점박이’와 달리 겁이 많고 소심한 ‘막내’는 다른 공룡들의 놀림감이 되기 일쑤다. 어느 날, ‘막내’가 최악의 악당 데이노니쿠스 3인방에게 붙잡혀 사라지고, ‘점박이’는 ‘막내’의 흔적을 찾기 위해 새로운 모험을 시작한다. 그러던 중 사라진 딸을 찾는 ‘송곳니’, 넉살 좋은 초식공룡 ‘싸이’를 만나 아이들을 구하기 위해 힘을 합치기로 한 ‘점박이’는 병풍 바위와 활화산 지대, 끝이 보이지 않는 사막과 협곡을 지나는 모험 끝에 드디어 아들 ‘막내’에 대한 단서를 찾게 된다. 하지만 그들 앞에 상상을 초월하는 초강력 돌연변이 공룡이 나타나는데… 과연 ‘점박이’는 ‘막내’를 구하고 새로운 낙원에 도착할 수 있을까?", "poster_URL": "https://movie-phinf.pstatic.net/20181226_152/1545790505642ANrUN_JPEG/movie_image.jpg"}}, {"pk": 362, "model": "actors.movie", "fields": {"code": "20166602", "title": "그대 이름은 장미", "sales": "712747870", "audience": "84818", "open_date": "2019-01-16", "actors": [3043, 232, 1174, 206, 3044, 1021, 731], "genres": [5], "score": "6.81", "summary": "딸에겐 잔소리 1등, 딸을 위해선 오지랖 1등, 대한민국 평범한 엄마 ‘홍장미’씨 우연한 사고로 과거의 남자 ‘명환’을 만나며 평온했던 일상이 꼬여만 가고, 설상가상으로 그녀의 대단했던(?) 과거까지 들통날 위기에 처한다 여기에 20년 남사친 ‘순철’까지 끼어들어 강제과거소환을 막으려 애를 쓰기 시작하는데…  평범한 엄마 ‘홍장미’ 씨! 그녀의 믿을 수 없는 반전과거는 영원한 비밀이 될 수 있을까?!", "poster_URL": "https://movie-phinf.pstatic.net/20190116_108/1547604367067tLRsG_JPEG/movie_image.jpg"}}, {"pk": 363, "model": "actors.movie", "fields": {"code": "20184187", "title": "언니", "sales": "1749265250", "audience": "197211", "open_date": "2019-01-01", "actors": [3045, 3046, 46, 427], "genres": [6], "score": "5.56", "summary": "남들처럼 평범하게 살고 싶었는데… 동생이 사라졌다  “내 동생 어디로 보냈어?”   동생의 흔적에 가까워질수록 그녀의 분노는 폭발한다  오늘, 여기서 끝장낸다!", "poster_URL": "https://movie-phinf.pstatic.net/20181231_89/1546223246597LMiMi_JPEG/movie_image.jpg"}}, {"pk": 364, "model": "actors.movie", "fields": {"code": "20186324", "title": "언더독", "sales": "1440518830", "audience": "187446", "open_date": "2019-01-16", "actors": [188, 369, 62, 3047, 46, 3048, 3049, 3050], "genres": [7], "score": "9.31", "summary": "하루아침에 운명이 바뀐 강아지 ‘뭉치’는  우연히 만난 거리 생활의 고참 ‘짱아’ 일당을 만나 목숨을 구하게 된다.  차츰 ‘짱아’ 무리의 스트릿 라이프에 적응하던 찰나 그들의 소중한 아지트가 사라질 위기에 처하고, 마침내 그들은 진정한 자유를 찾기 위한 모험을 떠나기로 결심하는데…", "poster_URL": "https://movie-phinf.pstatic.net/20181224_250/1545613244716iYHTg_JPEG/movie_image.jpg"}}, {"pk": 365, "model": "actors.movie", "fields": {"code": "20183915", "title": "극장판 공룡메카드: 타이니소어의 섬", "sales": "3111646880", "audience": "406019", "open_date": "2019-01-10", "actors": [127, 129, 3051, 3052, 130, 259, 558, 934, 2648, 3053, 2641, 3054, 2674, 3055, 2632, 850, 824], "genres": [7], "score": "9.16", "summary": "머나먼 옛날, 소행성 충돌로 인해 지구의 공룡들이 모두 사라지고 사람들에게 알려지지 않은 어느 작은 섬에서 공룡들은 아주 작은 모습의 타이니소어로 탄생한다.  씩씩한 트리케라, 장난꾸러기 티라노, 잠꾸러기 스테고 등 타이니소어 친구들이 도토리 축구를 하며 즐거운 나날을 보내고 있던 중, 수상한 악당들이 나타나 평화로운 ‘타이니소어의 섬’을 위협하기 시작하는데…  타이니소어들을 노리는 수상한 눈빛의 정체는?  과연 이들은 위기에 처한 지상 낙원 ‘타이니소어의 섬’을 지켜낼 수 있을까?", "poster_URL": "https://movie-phinf.pstatic.net/20181210_8/1544404366603phGP3_JPEG/movie_image.jpg"}}, {"pk": 366, "model": "actors.movie", "fields": {"code": "20182530", "title": "극한직업", "sales": "139625619976", "audience": "16261011", "open_date": "2019-01-23", "actors": [838, 205, 1488, 1005, 3056], "genres": [5], "score": "8.53", "summary": "불철주야 달리고 구르지만 실적은 바닥, 급기야 해체 위기를 맞는 마약반! 더 이상 물러설 곳이 없는 팀의 맏형 고반장은 국제 범죄조직의 국내 마약 밀반입 정황을 포착하고 장형사, 마형사, 영호, 재훈까지 4명의 팀원들과 함께 잠복 수사에 나선다. 마약반은 24시간 감시를 위해 범죄조직의 아지트 앞 치킨집을 인수해 위장 창업을 하게 되고, 뜻밖의 절대미각을 지닌 마형사의 숨은 재능으로 치킨집은 일약 맛집으로 입소문이 나기 시작한다. 수사는 뒷전, 치킨장사로 눈코 뜰 새 없이 바빠진 마약반에게 어느 날 절호의 기회가 찾아오는데…  범인을 잡을 것인가, 닭을 잡을 것인가!", "poster_URL": "https://movie-phinf.pstatic.net/20190116_206/1547615429111dINWj_JPEG/movie_image.jpg"}}, {"pk": 368, "model": "actors.movie", "fields": {"code": "20180868", "title": "뺑반", "sales": "15217986048", "audience": "1826154", "open_date": "2019-01-30", "actors": [1125, 212, 509, 1748, 1537, 3057, 2102], "genres": [2, 6], "score": "6.13", "summary": "경찰 내 최고 엘리트 조직 내사과 소속 경위 ‘은시연’(공효진). 조직에서 유일하게 믿고 따르는 ‘윤과장’(염정아)과 함께 F1 레이서 출신의 사업가 ‘정재철’(조정석)을 잡기 위해 수사망을 조여가던 시연은 무리한 강압 수사를 벌였다는 오명을 쓰고 뺑소니 전담반으로 좌천된다.   알고 보면 경찰대 수석 출신, 만삭의 리더 ‘우계장’(전혜진)과  차에 대한 천부적 감각을 지닌 에이스 순경 ‘서민재’(류준열).  팀원은 고작 단 두 명, 매뉴얼도 인력도 시간도 없지만 뺑소니 잡는 실력만큼은 최고인 ‘뺑반’.  계속해서 재철을 예의주시하던 시연은 뺑반이 수사 중인 미해결 뺑소니 사건의 유력한 용의자가 재철임을 알게 된다.  뺑소니 친 놈은 끝까지 쫓는 뺑반 에이스 민재와  온갖 비리를 일삼는 재철을 잡기 위해 모든 것을 건 시연.  하나의 목표를 향해 힘을 합친 그들의 팀플레이가 시작되는 가운데 방법을 가리지 않고 수사망을 빠져 나가려는 통제불능 스피드광 재철의 반격 역시 점점 과감해지는데…!", "poster_URL": "https://movie-phinf.pstatic.net/20190115_40/15475402622236yHgr_JPEG/movie_image.jpg"}}, {"pk": 369, "model": "actors.movie", "fields": {"code": "20185881", "title": "증인", "sales": "20456328531", "audience": "2531055", "open_date": "2019-02-13", "actors": [40, 609, 703, 1829, 42, 1989, 239, 546, 3058, 46, 169, 3059], "genres": [1], "score": "9.07", "summary": "“목격자가 있어. 자폐아야”  신념은 잠시 접어두고 현실을 위해 속물이 되기로 마음먹은 민변 출신의 대형 로펌 변호사 ‘순호’(정우성). 파트너 변호사로 승진할 수 있는 큰 기회가 걸린 사건의 변호사로 지목되자  살인 용의자의 무죄를 입증하기 위해  유일한 목격자인 자폐 소녀 ‘지우’(김향기)를 증인으로 세우려 한다.  “아저씨도 나를 이용할 겁니까?”  자기만의 세계에 빠져 의사소통이 어려운 ‘지우’. ‘순호’는 사건 당일 목격한 것을 묻기 위해 ‘지우’를 찾아가지만, 제대로 된 인사조차 나누지 못한다. 하지만 그날의 이야기를 듣기 위해 지우에게 다가가려 노력하는 ‘순호’,  시간이 흐를수록 조금씩 ‘지우’에 대해 이해하게 되지만 이제 두 사람은 법정에서 변호사와 증인으로 마주해야 하는데…  마음을 여는 순간,  진실이 눈앞에 다가왔다", "poster_URL": "https://movie-phinf.pstatic.net/20190226_194/15511480897441tE6t_JPEG/movie_image.jpg"}}, {"pk": 370, "model": "actors.movie", "fields": {"code": "20174169", "title": "기묘한 가족", "sales": "2115711275", "audience": "262920", "open_date": "2019-02-13", "actors": [1411, 1140, 1124, 656, 531, 1311, 3060, 2634], "genres": [5, 10], "score": "5.86", "summary": "망해버린 주유소의 트러블메이커 가장 '만덕'은 우연히 만난 좀비를 집안에 들인다.  여타 좀비와 달리 반반한 외모, 말귀 알아듣는 ‘쫑비’를 보며  저마다의 속셈으로 패밀리 비즈니스를 꿈꾸는 가족.     리더인 맏며느리 '남주'를 중심으로  행동대장 장남 '준걸'과 브레인 차남 '민걸'  에너지 담당 막내 '해걸'에  물리면 죽기는커녕 더 젊어지는 좀비 '쫑비'까지!     이들의 기막힌 비즈니스는 조용했던 동네를  별안간 혈기 왕성한 마을로 만들어버리는데...  이거 혹시… 우리 때문이야?", "poster_URL": "https://movie-phinf.pstatic.net/20190213_142/1550020349326Pk2m3_JPEG/movie_image.jpg"}}, {"pk": 371, "model": "actors.movie", "fields": {"code": "20185478", "title": "극장판 헬로카봇: 옴파로스 섬의 비밀", "sales": "4474823060", "audience": "573778", "open_date": "2019-01-31", "actors": [2139, 2643, 259, 2644, 130, 937, 935, 129, 2650, 3061], "genres": [7], "score": "8.76", "summary": "따뜻한 남태평양으로 휴가를 떠난 차탄 가족과 친구들은 어느 외딴섬에 표류하고 만다. 그곳은 바로 지구의 배꼽이라 불리는 강력한 생명력을 지닌 신비의 섬 ‘옴파로스’! 그곳에서 차탄 가족은 ‘슈퍼연료전지 구공탄’을 노리는 외계 로봇들의 공격으로 위기에 처하는데…  지구 온난화를 일으켜 세상을 정복하려는 ‘외계인’들에 맞선 차탄과 ‘동물카봇’의 운명을 건 대결이 시작된다!", "poster_URL": "https://movie-phinf.pstatic.net/20190207_107/1549506120933tsuBH_JPEG/movie_image.jpg"}}, {"pk": 372, "model": "actors.movie", "fields": {"code": "20189649", "title": "시인 할매", "sales": "64717700", "audience": "7848", "open_date": "2019-02-05", "actors": [3062, 3063, 3064, 3065, 3066, 3067, 3068, 3069], "genres": [14], "score": "9.65", "summary": "글을 몰라 서러웠고, 고단한 시집살이와 오직 가족만이 전부였던 삶. 이름 석자 적는 게 소원이었던 어매들은 모진 세월 견뎌내고 나서야 글을 배웠다.  삶을 노래하고, 세월을 읊는 할매들 마음을 위로하는 인생의 詩 한편을 만나다!", "poster_URL": "https://movie-phinf.pstatic.net/20190125_91/1548378616619UMTkM_JPEG/movie_image.jpg"}}, {"pk": 373, "model": "actors.movie", "fields": {"code": "20177539", "title": "사바하", "sales": "19992784494", "audience": "2396159", "open_date": "2019-02-20", "actors": [761, 199, 644, 445, 511, 1488, 191, 2692], "genres": [13, 12], "score": "7.22", "summary": "한 시골 마을에서 쌍둥이 자매가 태어난다.  온전치 못한 다리로 태어난 ‘금화’(이재인)와 모두가 오래 살지 못할 것이라고 했던 언니 ‘그것’.  하지만 그들은 올해로 16살이 되었다.   신흥 종교 비리를 찾아내는 종교문제연구소 ‘박목사’(이정재)는   사슴동산이라는 새로운 종교 단체를 조사 중이다.  영월 터널에서 여중생이 사체로 발견되는 사건이 발생하고  이를 쫓던 경찰과 우연히 사슴동산에서 마주친 박목사는 이번 건이 심상치 않음을 직감한다.   하지만 진실이 밝혀지기 전 터널 사건의 용의자는 자살하고,  그가 죽기 전 마지막으로 만난 실체를 알 수 없는 정비공 ‘나한’(박정민)과  16년 전 태어난 쌍둥이 동생 금화의 존재까지  사슴동산에 대해 파고들수록 박목사는 점점 더 많은 미스터리와 마주하게 되는데…!  그것이 태어나고 모든 사건이 시작되었다", "poster_URL": "https://movie-phinf.pstatic.net/20190128_284/1548637887932Dwfkj_JPEG/movie_image.jpg"}}, {"pk": 374, "model": "actors.movie", "fields": {"code": "20196601", "title": "항거:유관순 이야기", "sales": "9260922101", "audience": "1152741", "open_date": "2019-02-27", "actors": [166, 373, 2213, 1697, 3070], "genres": [1], "score": "8.59", "summary": "1919년 3.1 만세운동 후 세평도 안 되는 서대문 감옥 8호실 속, 영혼만은 누구보다 자유로웠던 유관순과 8호실 여성들의 1년의 이야기.", "poster_URL": "https://movie-phinf.pstatic.net/20190207_119/1549515732449nv5tM_JPEG/movie_image.jpg"}}, {"pk": 375, "model": "actors.movie", "fields": {"code": "20185350", "title": "칠곡 가시나들", "sales": "314138800", "audience": "37233", "open_date": "2019-02-27", "actors": [3071, 3072, 3073, 3074, 3075, 3076, 3077, 3078, 3079], "genres": [14], "score": "9.13", "summary": "때론 컨닝도 하고, 농띠도 피워가며 ‘가갸거겨’ 배웠더니\r 어느새 온 세상이 놀 거리, 볼 거리로 천지삐까리!\r 눈만 마주쳐도 까르르르, 열일곱 가시나가 된 할머니들\r 이제 매일매일 밥처럼, 한 자 한 자 시를 짓게 되는데…\r \"고마 사는 기, 배우는 기 와 이리 재밌노!\"\r \r 한글과 사랑에 빠진 칠곡 할머니들의 \r 두근두근 욜로 라이프가 시작된다!", "poster_URL": "https://movie-phinf.pstatic.net/20190121_177/1548035057369VBSMv_JPEG/movie_image.jpg"}}, {"pk": 376, "model": "actors.movie", "fields": {"code": "20176442", "title": "자전차왕 엄복동", "sales": "1304825670", "audience": "172206", "open_date": "2019-02-27", "actors": [673, 3080, 196, 3081, 561, 694, 3082], "genres": [1], "score": "3.85", "summary": "일제강점기, 일본에서는 조선의 민족의식을 꺾고 그들의 지배력을 과시하기 위해 전조선자전차대회를 개최한다.  하지만 일본 최고의 선수들을 제치고 조선인 최초로 우승을 차지한 엄복동의 등장으로 일본의 계략은 실패로 돌아가고,   계속되는 무패행진으로 ‘민족 영웅’으로 떠오른 그의 존재에 조선 전역은 들끓기 시작한다.   때맞춰 애국단의 활약까지 거세지자 위기감을 느낀 일본은 엄복동의 우승을 막고 조선인들의 사기를 꺾기 위해 최후의 자전차 대회를 개최하는데...   일제강점기, 그 어느 때보다 뜨거웠던 한일전이 시작된다!", "poster_URL": "https://movie-phinf.pstatic.net/20190201_136/1548989242154HiJy8_JPEG/movie_image.jpg"}}, {"pk": 377, "model": "actors.movie", "fields": {"code": "20195791", "title": "어쩌다, 결혼", "sales": "584125749", "audience": "76386", "open_date": "2019-02-27", "actors": [1995, 3083, 3084, 36, 516, 1748, 3085], "genres": [3, 5], "score": "4.53", "summary": "재산을 물려받기 위해서는 결혼을 꼭 해야만 하는 ‘성석’(김동욱) 엄마와 세 오빠의 결혼 압박에서 벗어나 나만의 인생을 찾고 싶은 ‘해주’(고성희) 부모님의 등쌀에 못 이겨 나간 맞선 자리에서 만나게 된 둘은  각자의 목적을 달성하기 위해 딱! 3년간만 결혼하는 ‘척’하기로 계약한다   하지만 두 사람의 결혼 준비가 진행될수록 방해꾼들은 늘어만 가고, 넘어야 할 산이 한두 개가 아닌데…   결혼하는 척, 같이 사는 척, 딱! 3년만 하는 척! 척! 과연 두 사람의 ‘하는 척’은 성공할 수 있을까?", "poster_URL": "https://movie-phinf.pstatic.net/20190122_192/1548121844125KdJDJ_JPEG/movie_image.jpg"}}, {"pk": 378, "model": "actors.movie", "fields": {"code": "20176103", "title": "돈", "sales": "28867343062", "audience": "3388757", "open_date": "2019-03-20", "actors": [212, 445, 30], "genres": [2], "score": "7.49", "summary": "오직 부자가 되고 싶은 꿈을 품고 여의도 증권가에 입성한 신입 주식 브로커 조일현(류준열).  빽도 줄도 없는, 수수료 O원의 그는 곧 해고 직전의 처지로 몰린다. 위기의 순간, 베일에 싸인 신화적인 작전 설계자 번호표(유지태)를 만나게 되고,  막대한 이익을 챙길 수 있는 거래 참여를 제안 받는다.  위험한 제안을 받아들인 후 순식간에 큰 돈을 벌게 되는 일현.  승승장구하는 일현 앞에 번호표의 뒤를 쫓던 금융감독원의 사냥개 한지철(조우진)이 나타나  그를 조여 오기 시작하는데…", "poster_URL": "https://movie-phinf.pstatic.net/20190306_280/1551849045570X4iac_JPEG/movie_image.jpg"}}, {"pk": 379, "model": "actors.movie", "fields": {"code": "20175407", "title": "우상", "sales": "1567303128", "audience": "181949", "open_date": "2019-03-20", "actors": [1351, 1308, 473], "genres": [12], "score": "4.02", "summary": "아들의 사고로 정치 인생 최악의 위기를 맞게 된 남자     청렴한 도덕성으로 시민들의 뜨거운 지지를 받으며 차기 도지사로 주목받고 있는 도의원 구명회(한석규), 어느 날 아들이 교통사고를 내고 이를 은폐한 사실을 알게 된다. 신망받는 자신의 정치 인생이 무엇보다 중요했던 그는 아들을 자수시킨다.     목숨 같은 아들이 죽고 진실을 쫓는 아버지     오직 아들만이 세상의 전부인 유중식(설경구)은 지체 장애 아들 부남을 위해서라면 못할 것이 없다. 자신의 모든 것인 아들이 갑자기 교통사고를 당해 싸늘한 시체로 돌아오자 절망에 빠진다.  사고 당일 아들의 행적을 이해할 수 없고, 함께 있다 자취를 감춘 며느리 최련화(천우희)를 찾기 위해 경찰에 도움을 청하지만 그의 말을 들어주는 사람은 없다. 아들의 죽음 너머에 드리운 비밀을 밝히기 위해 중식은 홀로 사고를 파헤치기 시작한다.     사건 당일 비밀을 거머쥔 채 사라진 여자     한편 그날 밤 사고의 진실을 유일하게 알고 있는 최련화, 부남과 함께 있다 연기처럼 사라져버린 그녀에게는 아무도 알지 못하는, 알아서도 안 될 진실이 숨겨져 있는데…     그날의 사고로 모든 것은 시작되었다!", "poster_URL": "https://movie-phinf.pstatic.net/20190306_44/1551851285506NYfPC_JPEG/movie_image.jpg"}}, {"pk": 380, "model": "actors.movie", "fields": {"code": "20183085", "title": "질투의 역사", "sales": "25719630", "audience": "2829", "open_date": "2019-03-14", "actors": [2475, 969, 574, 3086, 281], "genres": [3, 1], "score": "5.17", "summary": "대학 시절 친한 선후배 관계였던 수민, 원호, 진숙, 홍, 선기 10년 만에 군산에서 다시 만난 그들 사이에 어딘가 불편한 기류가 흐른다. 위태로운 시간 속, 누군가 시작한 말 한마디에 숨겨졌던 진실이 드러나기 시작하는데…  10년 만의 재회, 오늘 밤 다섯 남녀의 비밀이 드러난다!", "poster_URL": "https://movie-phinf.pstatic.net/20190227_53/1551228724252dhxiq_JPEG/movie_image.jpg"}}, {"pk": 381, "model": "actors.movie", "fields": {"code": "20197483", "title": "1919 유관순", "sales": "443951910", "audience": "53641", "open_date": "2019-03-14", "actors": [3087, 3088, 3089, 3090, 3060, 3091], "genres": [14], "score": "8.54", "summary": "100년 전, 소녀들이 대한독립을 위해 세상에 맞서기 시작했다.\r 우리가 기억해야 할 그 시절 모든 소녀들의 이름,\r 그녀들이 남긴 그날의 가장 생생한 기록!", "poster_URL": "https://movie-phinf.pstatic.net/20190222_78/1550800424424qWbEp_JPEG/movie_image.jpg"}}, {"pk": 382, "model": "actors.movie", "fields": {"code": "20197846", "title": "악질경찰", "sales": "2245936878", "audience": "260991", "open_date": "2019-03-20", "actors": [1475, 1759, 194, 1344, 724, 1245, 532, 531, 1104, 20], "genres": [2, 1], "score": "5.80", "summary": "뒷돈은 챙기고, 비리는 눈감고, 범죄는 사주하는 악질경찰 조필호(이선균), 급하게 목돈이 필요했던 그는 경찰 압수창고를 털 계획을 세운다. 그러나 사건 당일 밤, 조필호의 사주를 받아 창고에 들어간 한기철(정가람)이 의문의 폭발사고로 죽게 되고, 필호는 유일한 용의자로 지목된다. 설상가상 거대기업의 불법 비자금 자료까지 타버려 검찰의 수사선상에도 오른다. 위기에서 벗어나기 위해 사건을 쫓던 중, 폭발사건의 증거를 가진 고등학생 미나(전소니)와 엮이게 되고 빙산의 일각에 불과한 거대한 음모와 마주치게 되는데……   나쁜 놈 위, 더 나쁜 놈이 지배하는 세상 과연 그는 모든 것을 전복시킬 반격에 성공할 수 있을까?", "poster_URL": "https://movie-phinf.pstatic.net/20190312_100/1552354595583gzgz1_JPEG/movie_image.jpg"}}, {"pk": 383, "model": "actors.movie", "fields": {"code": "20183096", "title": "생일", "sales": "9840967570", "audience": "1191115", "open_date": "2019-04-03", "actors": [1308, 328, 2241, 2367, 236, 75, 184, 569], "genres": [1], "score": "7.09", "summary": "\"2014년 4월 이후... 남겨진 우리들의 이야기\"  세상을 먼저 떠난 아들 ‘수호’ 에 대한 그리움을 안고 살아가는 '정일'과 '순남'의 가족. 어김없이 올해도 아들의 생일이 돌아오고, 가족들의 그리움은 더욱 커져만 간다.  수호가 없는 수호의 생일. 가족과 친구들은 함께 모여 서로가 간직했던 특별한 기억을 선물하기로 하는데..  1년에 단 하루. 널 위해, 우리 모두가 다시 만나는 날. \"영원히 널 잊지 않을게.\"", "poster_URL": "https://movie-phinf.pstatic.net/20190329_223/1553847778414CTAcF_JPEG/movie_image.jpg"}}, {"pk": 384, "model": "actors.movie", "fields": {"code": "20166301", "title": "썬키스 패밀리", "sales": "242757400", "audience": "31283", "open_date": "2019-03-27", "actors": [857, 443, 2395, 862, 3092, 2516, 799], "genres": [10, 3, 5], "score": "6.04", "summary": "Chapter1. 예상 밖의 삐그덕 결혼 20년 차에도 식을 줄 모르는 사랑을 나누는 뜨거운 부부 준호(박희순)와 유미(진경), 그러나 이들의 두 자녀 아들 철원(장성범)과 딸 경주(윤보라)는 성인이 되었지만 뜻밖의 신체적 문제로 사랑을 하는 것이 세상 어렵다.  Chapter2. 삐그덕 쿵이 멈췄다! 늦둥이 막내딸 진해(이고은)에게는 매일 밤 부모의 침실에서 들려오는 소리 ‘삐그덕 쿵’이 ‘가족의 행복전선 이상무’를 알리는 신호였다. 그러던 어느 날, 옆집에 아빠의 친구라는 예쁜 아줌마 미희(황우슬혜)가 이사를 오고  엄마의 불 같은 오해(!)가 시작되는데. 그날 밤부터 ‘삐그덕 쿵’ 소리가 멈추고 가족의 행복발전소 가동이 멈췄다!  매일 사랑하고 영원히 사랑하고 싶었던 ‘로맨틱 가족’에게 닥친 최대의 위기! 가족의 행복을 찾기 위한 막내딸 진해의 대단한 작전이 시작된다!", "poster_URL": "https://movie-phinf.pstatic.net/20190313_154/15524612817421mgYP_JPEG/movie_image.jpg"}}, {"pk": 385, "model": "actors.movie", "fields": {"code": "20197092", "title": "로망", "sales": "568452720", "audience": "75791", "open_date": "2019-04-03", "actors": [1365, 3093, 1912, 2692, 1931, 1488, 3094], "genres": [3], "score": "9.28", "summary": "75세 조남봉과 71세 이매자는 치매 부부입니다 결혼 45년차, 몸도 마음도 닮아진 부부는  이제 세상에 단 둘만 있는 것처럼 삽니다 매일 기억이 흐릿해지지만, 먹고 사느라  잊었던 로망은 점점 더 선명해집니다  “올 것이 왔다 싶으니까 아무렇지도 않아요”", "poster_URL": "https://movie-phinf.pstatic.net/20190306_13/1551862037635qnE0r_JPEG/movie_image.jpg"}}, {"pk": 386, "model": "actors.movie", "fields": {"code": "20188117", "title": "강변호텔", "sales": "42891636", "audience": "5424", "open_date": "2019-03-27", "actors": [393, 625, 1412, 48, 882, 2928], "genres": [1], "score": "6.88", "summary": "강변의 호텔에 공짜로 묵고 있는 시인이 오랫동안 안 본 두 아들을 부른다. 아무 이유없이 죽을 거 같다는 느낌이 들어서 부른 거다. 한 젊은 여자가 같이 살던 남자에게 배신을 당한 후 강변의 호텔에 방을 잡았다. 위로를 받으려  선배 언니를 부른다. 다들 사는 게 힘들다. 그 강변의 호텔에서 하루는 하루가 다인 양 하루 안에서 계속 시작하고 있고, 사람들은 서로를 바라만 보고 있다.", "poster_URL": "https://movie-phinf.pstatic.net/20190311_275/1552271087457xO2XV_JPEG/movie_image.jpg"}}, {"pk": 387, "model": "actors.movie", "fields": {"code": "20198043", "title": "아픈 만큼 사랑한다", "sales": "68502000", "audience": "8601", "open_date": "2019-04-03", "actors": [3095, 2927], "genres": [14], "score": "9.70", "summary": "마땅한 의료 시설조차 없어  안타까운 죽음이 일상이 되어버린 필리핀 오지의 마을. 그들에게 먼저 손을 내밀며 다가간 한 명의 이방인 의사는 버스 한 대로 30여 년 동안 의료 봉사를 이어간다.  시한부 인생을 선고받은 순간에도 오로지 다른 사람의 아픔이 먼저였던 故 박누가 선교사, 그가 보여준 헌신과 봉사는 사랑 그 자체였다.  세상에 미처 전하지 못한 그의 사랑이 옵니다.", "poster_URL": "https://movie-phinf.pstatic.net/20190320_191/1553060768970Rpo0C_JPEG/movie_image.jpg"}}, {"pk": 388, "model": "actors.movie", "fields": {"code": "20180825", "title": "미성년", "sales": "2454021740", "audience": "288295", "open_date": "2019-04-11", "actors": [1748, 1248, 2781, 3096, 1156, 561, 167], "genres": [1], "score": "8.33", "summary": "같은 학교 2학년 주리(김혜준)와 윤아(박세진)가 학교 옥상에서 만났다.  최근 주리의 아빠 대원(김윤석)과 윤아의 엄마 미희(김소진) 사이에 벌어진 일을 알게 된 두 사람. 이 상황이 커지는 것을 막고 싶은 주리는 어떻게든 엄마 영주(염정아) 몰래 수습해보려 하지만 윤아는 어른들 일에는 관심 없다며 엮이지 않으려 한다.  그 때, 떨어진 주리의 핸드폰을 뺏어든 윤아는 영주의 전화를 받아  그 동안 감춰왔던 엄청난 비밀을 폭로해 버리고, 이를 본 주리는 멘붕에 빠지게 되는데…   폭풍 같은 사건을 마주한 두 가족의 이야기가 시작된다.", "poster_URL": "https://movie-phinf.pstatic.net/20190411_137/1554973943268Tu8fN_JPEG/movie_image.jpg"}}, {"pk": 389, "model": "actors.movie", "fields": {"code": "20188393", "title": "다시, 봄", "sales": "233909700", "audience": "29047", "open_date": "2019-04-17", "actors": [1345, 3097, 3098, 3099], "genres": [1, 9], "score": "8.38", "summary": "인생의 유일한 행복인 딸을 사고로 잃은 후 절망에 빠진 ‘은조’(이청아) 중대한 결심을 한 그날, 눈을 떠보니 시간이 어제로 되돌아갔다.  거꾸로 흐르는 시간을 살게 된 ‘은조’는 불행했던 자신의 어제를 바꾸며 행복한 시간을 보내지만, 계속 어제로 흐르는 시간에 마음이 초조해진다.   그러던 어느 날, 시간여행에 관한 미스터리한 키를 쥔 남자 ‘호민’(홍종현)을 만나게 되는데…  시간을 되돌려, 새로운 내일을 맞이할 수 있을까?", "poster_URL": "https://movie-phinf.pstatic.net/20190328_260/1553739672852J9R3l_JPEG/movie_image.jpg"}}, {"pk": 390, "model": "actors.movie", "fields": {"code": "20185784", "title": "나의 특별한 형제", "sales": "5427849250", "audience": "660863", "open_date": "2019-05-01", "actors": [856, 2487, 290, 62, 48, 431], "genres": [1, 5], "score": "8.95", "summary": "비상한 두뇌를 가졌지만 동생 ‘동구’ 없이는 아무 데도 못 가는 형 ‘세하’(신하균), 뛰어난 수영실력을 갖췄지만 형 ‘세하’ 없이는 아무것도 못 하는 동생 ‘동구’(이광수). 이들은 피 한 방울 섞이지 않았지만 20년 동안 한 몸처럼 살아온 ‘특별한 형제’다.  어느 날 형제의 보금자리 ‘책임의 집’을 운영하던 신부님이 돌아가시자 모든 지원금이 끊기게 되고, 각각 다른 장애를 가진 두 사람은 헤어질 위기에 처하고 만다.  세하는 ‘책임의 집’을 지키고 동구와 떨어지지 않기 위해 구청 수영장 알바생이자 취준생 ‘미현’(이솜)을 수영코치로 영입하고, 동구를 수영대회에 출전시켜 사람들의 이목을 집중시키는 데 성공한다.  헤어지지 않을 수 있다는 희망을 본 것도 잠시, 예상치 못한 인물이 형제 앞에 등장하면서 형제는 새로운 위기를 겪게 되는데...!", "poster_URL": "https://movie-phinf.pstatic.net/20190404_182/1554340290133Khnb5_JPEG/movie_image.jpg"}}, {"pk": 391, "model": "actors.movie", "fields": {"code": "20189803", "title": "막다른 골목의 추억", "sales": "22361360", "audience": "2668", "open_date": "2019-04-04", "actors": [3100, 3101, 387, 1379, 3102, 1390, 3103], "genres": [3], "score": "8.91", "summary": "나고야에 있는 애인 태규를 만나러 간 유미는 그에게 새로운 여자가 생겼음을 알게 된다. 뜻하지 않은 이별에 낯선 도시를 방황하던 유미는 우연히 막다른 골목에 위치한 카페 '엔드포인트'에 들어선다. 유미는 그곳에서 카페 주인 니시야마와 서로 다른 사연을 가진 사람들을 만나게 되는데...", "poster_URL": "https://movie-phinf.pstatic.net/20190306_94/15518655441821f26j_JPEG/movie_image.jpg"}}, {"pk": 392, "model": "actors.movie", "fields": {"code": "20198982", "title": "크게 될 놈", "sales": "738718920", "audience": "95048", "open_date": "2019-04-18", "actors": [629, 3104, 3105, 1571], "genres": [1], "score": "9.27", "summary": "전라도 어느 섬마을, 기강과 기순 남매의 엄니 ‘순옥’(김해숙) 깡다구 하나는 알아주는 순옥의 사고뭉치 아들 ‘기강’(손호준)  “엄니, 두고 보소. 내가 어떤 놈이 돼서 돌아오는지” 집을 나간 기강은 무모한 성공만을 꿈꾸다, 결국 범죄자로 전락해 사형을 선고 받게 된다.  정부는 엄정한 법집행을 이유로 사형집행을 발표하고, 언제 죽을지 모른다는 불안과 공포로 자포자기한 기강에게 평생 까막눈으로 살아온 엄니의 생애 첫 편지가 도착하는데…… “세상이 아무리 욕해도… 나는 너를 사랑한다. 난 니 엄니께”", "poster_URL": "https://movie-phinf.pstatic.net/20190325_23/15534772166529TroP_JPEG/movie_image.jpg"}}, {"pk": 393, "model": "actors.movie", "fields": {"code": "20182501", "title": "왓칭", "sales": "457069262", "audience": "54449", "open_date": "2019-04-17", "actors": [425, 428, 3106, 3107], "genres": [11, 12], "score": "5.94", "summary": "회사 주차장에서 납치 당한 여자(강예원)가 자신을 조여오는 감시를 피해 필사의 탈주를 감행하는 공포 스릴러", "poster_URL": "https://movie-phinf.pstatic.net/20190326_187/1553563141974kMLat_JPEG/movie_image.jpg"}}, {"pk": 394, "model": "actors.movie", "fields": {"code": "20198912", "title": "노무현과 바보들", "sales": "161327140", "audience": "20877", "open_date": "2019-04-18", "actors": [1073], "genres": [14], "score": "6.50", "summary": "1981년, ‘부림사건’의 변호인 1988년, ‘청문회 스타’ 제13대 국회의원 1998년, ‘오뚝이 인생’ 제15대 국회의원 2002년, ‘꼴찌의 반란’ 대선후보 선출 2003~2008년, 제16대 대한민국 대통령 재임 2009년 5월 23일, 서거  그로부터 10년- 바보 대통령 故 노무현, 그를 기억하고 그리워하는 사람들의 이야기.", "poster_URL": "https://movie-phinf.pstatic.net/20190403_169/1554258188558HJpR3_JPEG/movie_image.jpg"}}, {"pk": 395, "model": "actors.movie", "fields": {"code": "20188083", "title": "뷰티플 마인드", "sales": "42470000", "audience": "5210", "open_date": "2019-04-18", "actors": [3108, 3109, 3110, 2039, 2083], "genres": [14], "score": "9.82", "summary": "세상 극과 극의 개성으로 뭉친 ‘뷰티플마인드’의 멤버들 알고 보니, 마음 속 고민의 불협화음까지 닮았다! 혼자만의 쉼표, 도돌이표를 벗어나  난생 처음으로 함께하는 기적의 하모니를 꿈꿔보는데…", "poster_URL": "https://movie-phinf.pstatic.net/20190401_109/1554082549248W2iyl_JPEG/movie_image.jpg"}}, {"pk": 396, "model": "actors.movie", "fields": {"code": "20198183", "title": "뽀로로 극장판 보물섬 대모험", "sales": "4446607370", "audience": "580290", "open_date": "2019-04-25", "actors": [122, 123, 2198, 125, 126, 127, 128, 823, 3111, 934, 3112], "genres": [7, 10], "score": "9.29", "summary": "전설 속 보물을 찾아 떠난 뽀로로와 친구들은\r 우연히 손에 넣은 지도를 따라 신비의 보물섬에 도착한다.\r \r 그곳에서 사라진 실버 선장을 만나\r 비밀을 간직한 보물섬의 수수께끼를 풀어내지만,\r 악당 블랙 선장과 보물섬의 괴물로 인해 위기에 빠지는데...\r \r 과연 뽀로로와 친구들은 전설의 보물을 찾을 수 있을까?", "poster_URL": "https://movie-phinf.pstatic.net/20190329_266/15538347866861YXl3_JPEG/movie_image.jpg"}}, {"pk": 397, "model": "actors.movie", "fields": {"code": "20184082", "title": "걸캅스", "sales": "39656000", "audience": "4524", "open_date": "2019-05-09", "actors": [5, 2394, 3113, 3100, 1829, 2274, 3114, 3115, 2262, 1390, 2735], "genres": [5, 6], "score": "5.76", "summary": "민원실 퇴출 0순위 전직 전설의 형사 '미영'과 민원실로 밀려난 현직 꼴통 형사 '지혜' 집에서는 눈만 마주쳐도 으르렁 대는 시누이 올케 사이인 두 사람은  민원실에 신고접수를 하기 위해 왔다가 차도에 뛰어든 한 여성을 목격하고  그녀가 48시간 후 업로드가 예고된 디지털 성범죄 사건의 피해자란 사실을 알게 된다. 강력반, 사이버 범죄 수사대, 여성청소년계까지 경찰 내 모든 부서들에서 복잡한 절차와 인력 부족을 이유로 사건이 밀려나자  ‘미영’과 ‘지혜’는 비공식 수사에 나서기로 결심한다.   수사가 진전될수록 형사의 본능이 꿈틀대는 ‘미영’과 정의감에 활활 불타는 ‘지혜’는  드디어 용의자들과 마주할 기회를 잡게 되는데…  걸크러시 콤비의 비공식 합동 수사가 펼쳐진다!", "poster_URL": "https://movie-phinf.pstatic.net/20190418_272/155557683107045leS_JPEG/movie_image.jpg"}}, {"pk": 398, "model": "actors.movie", "fields": {"code": "20199448", "title": "어린 의뢰인", "sales": "49333000", "audience": "5500", "open_date": "2019-05-22", "actors": [1005, 10, 3116, 1485, 3117, 1747, 3118, 78, 168, 3119, 614, 1986, 528, 1947, 3120], "genres": [1, 10], "score": "8.89", "summary": "당신에게 찾아온 뜨거운 질문!\r “당신은 이 아이를 외면하시겠습니까?”\r \r 인생 최대 목표는 오직 성공뿐인 변호사 ‘정엽’\r 주변에 무관심한 그에게 ‘다빈’과 ‘민준’ 남매가 자꾸 귀찮게 얽힌다.\r 오랫동안 기다렸던 대형 로펌 합격 소식을 듣게 된 ‘정엽’은 믿을 수 없는 사실을 알게 된다.\r 10살 소녀 ‘다빈’이 7살 남동생을 죽였다는 충격적인 자백\r 뒤늦게 미안함을 느낀 ‘정엽’은 자신의 모든 것을 걸고\r ‘다빈’의 엄마 ‘지숙’에게 숨겨진 진실을 밝히려고 하는데…", "poster_URL": "https://movie-phinf.pstatic.net/20190430_132/1556600999550a7ACO_JPEG/movie_image.jpg"}}, {"pk": 399, "model": "actors.movie", "fields": {"code": "20187981", "title": "배심원들", "sales": "30747000", "audience": "3473", "open_date": "2019-05-15", "actors": [150, 3121, 674, 3122, 1330, 1747, 1912, 26, 1323, 48, 886, 3123, 3124, 209, 2104, 352, 3125, 3126, 3127, 3128, 2570, 3129, 3130], "genres": [1], "score": "8.27", "summary": "국민이 참여하는 역사상 최초의 재판이 열리는 날. \r 모두의 이목이 집중된 가운데, \r 나이도 직업도 제각각인 8명의 보통 사람들이 배심원단으로 선정된다. \r \r 대한민국 첫 배심원이 된 그들 앞에 놓인 사건은 증거, 증언, 자백도 확실한 살해 사건. \r 양형 결정만 남아있던 재판이었지만 피고인이 갑자기 혐의를 부인하며 \r 배심원들은 예정에 없던 유무죄를 다투게 된다.\r \r 생애 처음 누군가의 죄를 심판해야 하는 배심원들과 \r 사상 처음으로 일반인들과 재판을 함께해야 하는 재판부. \r 모두가 난감한 상황 속 원칙주의자인 재판장 ‘준겸’(문소리)은 정확하고 신속하게 재판을 끌어가려고 한다. \r 하지만 끈질기게 질문과 문제 제기를 일삼는 8번 배심원 ‘남우’(박형식)를 비롯한 배심원들의 돌발 행동에 \r 재판은 점점 예기치 못한 방향으로 흐르는데...\r \r 처음이라 더 잘하고 싶었던 \r 보통 사람들의 가장 특별한 재판이 시작된다!", "poster_URL": "https://movie-phinf.pstatic.net/20190417_241/1555465036959hNsIF_JPEG/movie_image.jpg"}}]